3768 5866
176 558 233 633 [4⁷]
524 583 566 626 na
589 585 760 627 inuram
782 583 942 627 uoaauuu
965 584 1124 627 oonroraua
1439 560 1461 626 b

284 773 444 841 Adhibuit
466 784 613 840 noatrum
648 773 795 841 oodieem
829 772 1114 864 Wyttenbaobiua
1137 772 1344 858 Duehnernn,
1366 796 1460 862 prae-

176 891 268 948 terea
289 879 554 963 Volkmannnal)
584 891 617 947 et
639 879 838 947 Reinaehiua
849 885 874 967 ²)
897 880 940 945 ad
963 903 987 945 a.
1011 884 1064 966 30,
1088 879 1262 968 descripsit
1284 880 1460 968 Treuiua⁸)

176 998 210 1053 et
233 988 266 1053 Η
282 986 455 1055 Omontiua
464 988 498 1074 ⁴).
522 986 693 1067 Quomodo
716 986 846 1053 eodieee
862 986 893 1052 A
909 997 941 1053 et
955 987 984 1053 Ε
999 989 1086 1054 inter
1101 1010 1136 1053 ae
1154 986 1357 1074 eohaereant,
1371 986 1461 1053 infra

180 1095 215 1160 in
237 1094 437 1161 reeenaendo
460 1094 574 1161 eodioe
595 1094 624 1160 Ε
649 1092 934 1160 demonstrabitur.

283 1200 439 1269 (lodieem
461 1212 608 1267 nostrum
631 1222 651 1265 a
673 1201 819 1268 Maximo
842 1200 990 1268 Plannde
1013 1207 1101 1285 (nato
1124 1224 1151 1268 ο.
1176 1200 1460 1293 1250426οΓ1-

178 1320 254 1375 ante
279 1310 387 1394 1310),
417 1308 637 1396 oonaoriptnm
660 1330 733 1374 eaae
756 1308 894 1375 oonieoit
925 1307 1245 1398 Wyttenbaohiuab,
1279 1308 1336 1397 qui
1366 1308 1461 1376 affert

176 1413 262 1482 bane
285 1413 525 1481 adnotationem
548 1435 567 1479 e
589 1413 703 1481 codiee
726 1414 756 1480 A
776 1424 850 1502 post
872 1414 987 1482 verba:
1011 1420 1036 1480 εἰ
1066 1406 1100 1481 ll
1121 1421 1205 1505 ὁτῆς
1228 1417 1305 1506 ζωῆς
1326 1426 1387 1482 τῶν
1408 1420 1460 1481 ἀν-

175 1523 305 1613 θρώπων
328 1522 427 1611 χρόνος
449 1522 525 1597 εἰκὸς
546 1513 580 1587 ll
602 1532 663 1587 τῶν
685 1522 847 1612 γονομίνων
869 1523 904 1586 in
925 1546 949 1587 a.
965 1522 1018 1588 22.
1042 1525 1125 1611 (eep.
1144 1523 1215 1611 23):
1242 1524 1354 1610 „obtat
1375 1519 1456 1613 οἶμαι

174 1620 235 1695 lav
257 1628 434 1718 γράφεσθαι·
457 1633 481 1694 εἰ
503 1619 537 1694 ll
559 1633 576 1694 6
597 1636 651 1717 τῆς
673 1619 749 1718 ζωῆς
771 1639 832 1694 τῶν
854 1629 1019 1718 ἀνθρώπων
1041 1632 1141 1720 χρόνος
1155 1633 1259 1696 εἶκοσιν
1274 1631 1349 1696 ἐτῶν
1371 1631 1455 1721 ὀμί-

174 1759 274 1826 γιοτος
296 1736 401 1824 ὥριστο
422 1746 484 1801 τῶν
506 1727 582 1802 δέκα
605 1737 680 1802 ἑτῶν
702 1735 948 1825 ἀπογινόρινον“.
967 1734 1094 1802 Eadem
1109 1735 1275 1802 adnotatio
1291 1737 1326 1803 in
1342 1736 1456 1805 oodiee

174 1843 324 1910 Parisino
339 1840 468 1910 Graeoo
482 1865 513 1909 n
533 1843 626 1909 1672.
649 1842 705 1930 (Ε)
716 1853 777 1909 eat:
799 1849 835 1930 „b
847 1844 930 1931 κυρός
945 1842 1003 1930 (W
1004 1842 1234 1934 yttenbaebina
1251 1842 1334 1910 falao
1357 1849 1457 1922 καλῶς

175 1949 269 2038 legit)
290 1940 459 2039 μάξιριος
487 1941 750 2040 ὁπλανούδης
779 1950 872 2026 οὗτος
901 1954 994 2016 οἴεται
1027 1941 1086 2016 δον
1119 1951 1294 2043 γράριοθαι
1328 1956 1352 2017 εἰ
1387 1957 1455 2019 κτλ.

175 2054 451 2148 Wyttenbaobiua
483 2056 611 2123 librarii
645 2055 886 2123 adnotationem
920 2057 955 2122 in
989 2055 1103 2123 eodioe
1133 2059 1164 2124 A
1194 2079 1294 2124 manu
1316 2058 1455 2125 Maximi

183 2162 343 2230 Planndia
373 2174 540 2230 exaratam
563 2185 636 2230 aeae
669 2164 805 2230 eenauit
841 2162 907 2232 Sed
938 2165 1102 2253 seriptum
1131 2164 1270 2231 Maximi
1300 2163 1459 2232 Planudia

175 2280 213 2336 ut
246 2269 485 2336 demonstravit
516 2270 671 2356 Tmnina,
700 2269 765 2336 alia
795 2280 857 2356 eat,
887 2282 1084 2359 quapropter
1113 2270 1369 2361 Wyttenbaobio
1406 2293 1459 2338 aa·

175 2378 298 2443 sentire
326 2398 393 2442 non
422 2398 608 2465 poeaumua:
639 2376 882 2443 adnotationem
911 2377 1004 2442 illam
1035 2378 1175 2467 aoriptor
1204 2377 1327 2446 oodioia
1362 2379 1392 2445 A
1415 2377 1459 2445 ad

174 2483 279 2551 verba
301 2506 344 2551 ex
366 2482 430 2550 alio
453 2483 566 2551 oodioe
588 2485 770 2572 exaeripait.

282 2589 323 2657 In
336 2590 449 2659 oodioe
458 2590 627 2657 Mareiano
641 2589 769 2659 Graeoo
784 2593 860 2678 481,
875 2614 971 2680 quem
984 2592 1150 2659 Maximae
1165 2591 1331 2659 Planndea
1346 2614 1458 2659 menae

175 2697 362 2785 Septembri
383 2720 410 2765 a
435 2698 522 2765 1302
544 2698 748 2786 oonaoripait,
770 2697 892 2786 legitur
907 2720 1006 2764 manu
1021 2698 1160 2764 Maximi
1175 2697 1333 2765 Planudia
1356 2697 1459 2766 index

175 2803 445 2872 Plutareheorum
467 2802 642 2871 Moralium
657 2804 772 2871 eodem
787 2803 911 2893 ordine,
933 2806 989 2893 qni
1011 2805 1047 2870 in
1071 2803 1239 2872 oodioibna
1262 2806 1293 2872 A
1315 2816 1349 2871 et
1363 2806 1392 2873 Ε
1407 2806 1458 2871 in·

173 2910 315 2978 venitur.
352 2911 427 2993 Qua
456 2934 499 2978 ex
527 2934 564 2979 re
585 2934 607 2978 a
631 2912 777 2978 Maximo
808 2911 956 2979 Planude
984 2911 1082 2978 illum
1112 2910 1256 2979 indicem
1287 2935 1306 2980 e
1336 2911 1459 3000 eodioe,

175 3019 233 3107 qni
255 3017 423 3086 oodioibua
446 3018 477 3084 A
507 3029 541 3086 et
568 3019 598 3086 Ε
631 3017 747 3085 similia
770 3029 848 3105 erat,
873 3017 1074 3108 deaeriptum
1097 3040 1169 3085 eaae
1193 3019 1333 3086 oonieoit
1354 3017 1459 3087 Treu-

175 3126 238 3212 iua,
268 3125 416 3193 eodieem
450 3126 479 3193 Ε
512 3135 623 3192 tamen
652 3124 737 3191 illud
759 3147 878 3214 eorpua
901 3148 967 3191 non
990 3147 1075 3209 eaae3
1106 3148 1184 3191 nam
1206 3126 1242 3191 in
1263 3124 1322 3191 illo
1345 3124 1459 3194 oodioe

175 3233 300 3321 aeripta
323 3233 455 3300 70-16
477 3241 697 3319 asservantur,
719 3253 803 3320 quae
826 3230 914 3320 apud
933 3231 1117 3298 Maximum
1132 3231 1316 3300 Planndem
1330 3232 1458 3300 desunt

176 3337 242 3407 Sed
265 3339 413 3406 eodieem
435 3338 466 3404 A
487 3339 524 3404 in
548 3336 784 3405 eonaeribendo
813 3336 873 3403 illo
895 3336 1006 3404 indiae
1028 3347 1104 3404 ante
1133 3336 1245 3405 oeuloa
1274 3339 1458 3406 Maximum

173 3445 357 3513 Planndem
380 3468 447 3512 non
468 3445 625 3513 babuiaae
647 3444 885 3511 demonstravit
905 3444 1047 3510 Treuina
1069 3445 1126 3528 (of.
1149 3467 1249 3533 anpra
1271 3468 1302 3534 p.
1326 3446 1371 3535 b).

283 3553 453 3622 Sententia
466 3553 579 3620 'l'remi
593 3551 676 3618 haee
690 3563 753 3618 eat:
777 3551 942 3617 Maximua
958 3549 1122 3618 Planudea
1145 3550 1263 3618 babuit
1280 3574 1400 3642 oorpna
1415 3553 1457 3620 ai·

175 3659 253 3727 mile
287 3658 457 3728 oodioibua
489 3663 521 3728 A
549 3671 583 3726 et
611 3659 649 3747 Ε,
679 3657 767 3747 quod
796 3658 892 3725 Vitae
921 3669 954 3724 et
983 3657 1122 3725 Moralia
1154 3661 1264 3727 1-69
1287 3660 1458 3727 eontinnit

176 3767 339 3850 Quoniam
362 3777 472 3833 auum
486 3765 656 3834 eodioibua
670 3767 702 3832 A
716 3777 750 3833 et
772 3764 1042 3833 llladnotationea
1064 3765 1203 3832 Maximi
1226 3765 1384 3833 Planudia
1405 3766 1458 3832 in-

175 3884 261 3961 eunt,
284 3875 348 3940 fuit
369 3873 453 3940 illud
476 3896 594 3964 eorpus
617 3873 659 3941 ab
681 3875 754 3961 ipao
785 3873 930 3940 Maximo
953 3872 1103 3940 Plannde
1126 3873 1282 3941 oollatum
1291 3877 1326 3957 1).
1364 3873 1458 3956 Quae

174 3981 285 4070 opinio
299 3991 413 4069 postea
434 3980 584 4070 epistulis
606 3979 743 4046 Maximi
768 3979 925 4047 Planudia
948 3980 1141 4048 eonlirmata
1162 3992 1225 4065 θοις
1247 4002 1325 4047 nam
1339 3981 1375 4046 in
1392 3981 1458 4047 106

284 4229 305 4299 ¹)
322 4231 462 4284 Plutarchi
479 4232 512 4284 de
530 4232 635 4283 mnalea
652 4230 693 4284 ed
711 4231 844 4283 Ricardua
862 4231 1025 4284 Volkmann.
1044 4232 1154 4299 Llpdae
1174 4231 1252 4287 1666.

283 4318 305 4388 ¹)
323 4321 354 4372 L.
372 4320 391 4372 l.
410 4337 436 4387 ρ.
455 4321 578 4373 mlx.

284 4406 305 4479 ¹)
322 4411 363 4462 De
381 4410 519 4463 eodielbua
536 4415 587 4462 eta
606 4426 631 4476 ρ.
651 4407 772 4476 10-11;
791 4410 844 4461 Zur
861 4399 1069 4478 llberllelerung
1088 4417 1139 4463 eta
1158 4411 1325 4477 alu-xa
1338 4409 1408 4478 (ean.
1421 4410 1457 4463 L:

176 4501 245 4565 „Die
263 4499 369 4552 eodieea
385 4501 446 4551 Par.
465 4500 511 4551 Gr.
531 4497 601 4552 1672
619 4497 674 4549 und
693 4496 762 4551 1671
781 4497 836 4549 und
854 4498 898 4549 lbr
915 4498 1149 4566 nument-ng
1173 4500 1224 4552 mit
1241 4499 1376 4552 Maxlmua
1395 4499 1458 4552 Pla·

175 4588 296 4655 ηοω).

282 4677 304 4744 ⁴)
321 4677 475 4729 Inventaire
494 4677 636 4729 aemmaire
653 4676 701 4728 dea
719 4677 882 4729 maduerit·
903 4692 981 4743 gree·
1003 4677 1036 4730 de
1057 4677 1086 4728 la
1106 4676 1290 4745 bibliotheque
1311 4676 1458 4732 nationale.

176 4767 254 4819 Paria
273 4764 352 4831 1668,
369 4767 405 4819 IL
424 4765 485 4829 11⁸,
504 4764 565 4820 160.

283 4853 303 4922 ⁸)
322 4857 353 4909 Ia
372 4857 390 4908 l.
410 4857 431 4908 L
451 4854 476 4921 1,
493 4853 513 4908 4
531 4854 643 4923 (praet),
661 4856 708 4921 Vl,
726 4854 753 4921 A,
771 4853 833 4910 766.
870 4852 892 4921 'l
910 4857 964 4908 zur
981 4846 1190 4924 ilberlielerung
1207 4863 1259 4912 eta
1278 4860 1301 4911 1.
1319 4875 1345 4926 ρ.
1364 4858 1398 4911 L
1417 4872 1459 4925 aq.
