3768 5866
202 454 263 529 1⁸⁷]
550 488 593 529 ns
615 488 786 530 moenem
808 488 968 531 soranus
990 488 1165 539 contusus,
1443 462 1489 531 ib

314 673 419 742 Simili
442 676 539 742 modo
561 678 751 764 gravissimi
772 680 929 744 momenti
952 688 1029 744 sunt
1050 678 1154 744 verbs
1183 679 1219 743 in
1242 701 1274 743 n.
1308 677 1408 746 OQX
1429 682 1490 745 lul-

205 803 291 845 m
311 784 397 870 λόγω
418 784 487 871 μζζ
508 806 592 871 quse
620 784 770 851 Ruellius
792 808 831 851 eo
861 785 958 851 modo
980 786 1188 874 interpretari
1218 785 1336 871 studet,
1357 796 1396 850 nt
1418 806 1490 851 eor-

205 889 330 974 periei
352 888 615 957 adnumerandus
637 915 710 957 esse
740 903 831 980 putet
860 891 963 958 libros
985 894 1131 960 numeris
1158 894 1211 959 57.
1235 904 1268 959 et
1290 893 1344 959 54
1366 891 1491 980 signiti-

203 1005 306 1079 catos,
328 998 384 1083 qni
407 1019 474 1062 non
497 998 684 1065 Plutarchei
712 1023 785 1066 esse
806 1011 972 1088 putantur,
1006 1022 1072 1087 qua
1093 1022 1129 1065 re
1151 1021 1327 1065 numerum
1351 999 1392 1066 81
1418 998 1491 1065 effi·

205 1123 283 1169 cere
303 1114 448 1191 temptet
470 1105 539 1171 lios
561 1105 693 1193 quidem
715 1106 881 1172 credimus
903 1108 939 1171 in
969 1106 1029 1172 illu
1050 1108 1208 1172 memoria
1232 1107 1408 1192 vestigium
1433 1128 1490 1173 ve-

202 1210 286 1274 teris
309 1210 432 1276 codicis
455 1211 656 1299 canescere,
678 1214 712 1278 in
736 1237 800 1301 quo
823 1212 934 1300 plures
957 1213 1072 1296 libelli,
1108 1236 1206 1301 quem
1234 1215 1269 1278 in
1292 1214 1413 1279 nostris
1436 1235 1490 1279 eo·

200 1314 344 1403 dinibus,
373 1318 598 1405 servabantur,
629 1343 694 1407 qus
724 1320 765 1386 de
796 1343 831 1385 re
855 1320 920 1386 alio
950 1321 1021 1386 loco
1046 1322 1180 1387 uberius
1208 1319 1303 1386 nobis
1326 1319 1491 1387 disseren-

201 1422 286 1487 dum
307 1425 378 1490 erit

313 1549 463 1638 Denique
485 1553 631 1618 numeris
653 1552 822 1641 librorum:
844 1553 983 1619 servatis
1015 1554 1049 1617 in
1073 1552 1196 1640 aliquot
1233 1550 1402 1619 codicibus
1434 1551 1490 1617 de-

201 1667 406 1722 monstretur
427 1681 482 1724 eos
505 1681 632 1746 quoque
654 1659 785 1725 codices
815 1672 942 1725 certum
971 1658 1113 1746 aliquem
1144 1659 1295 1725 ordinem
1326 1659 1488 1725 babuisse

312 2083 448 2171 Oorpori
472 2085 638 2152 Planudeo
660 2098 773 2174 postea
803 2086 994 2151 adiunctum
1017 2098 1066 2150 est
1093 2083 1185 2150 uliud
1208 2084 1439 2172 corpusculum
1462 2108 1491 2151 s.

204 2191 349 2257 ‘lo-76.
373 2193 552 2277 continens,
583 2193 669 2280 quod
692 2193 798 2259 solum
820 2194 855 2258 in
871 2192 1040 2259 codicibus
1064 2191 1223 2256 Parisinis
1239 2190 1266 2255 B
1282 2201 1314 2257 et
1336 2192 1365 2256 Ε
1381 2212 1489 2256 esser-

201 2308 310 2384 vatur,
333 2320 398 2385 qua
420 2322 457 2366 re
478 2299 561 2364 illud
586 2300 817 2388 corpusculum
839 2311 936 2365 antes
959 2300 1067 2363 minus
1084 2311 1196 2364 notum
1220 2297 1323 2364 fuisse
1345 2310 1488 2385 apparet

200 2405 290 2469 Tum
313 2405 378 2473 duo
401 2409 500 2473 etiam
530 2408 653 2495 scripta
682 2409 835 2473 adiuncta
865 2420 950 2492 sunt,
974 2430 998 2472 s.
1023 2408 1074 2473 77.
1098 2417 1130 2471 et
1154 2407 1214 2491 78,
1237 2427 1376 2492 quorum
1396 2404 1488 2491 prinu

200 2522 239 2577 et
252 2534 400 2578 seorsum
415 2525 448 2579 et
462 2535 529 2579 una
544 2516 628 2598 cnm}
642 2514 716 2579 aliis
729 2516 752 2600 ¹)
778 2514 813 2578 in
836 2513 1005 2580 codicibus
1028 2524 1192 2595 servatur3
1216 2536 1241 2578 s.
1268 2512 1318 2577 78.
1343 2532 1432 2597 vero,
1454 2520 1491 2576 ut

200 2617 360 2706 diximus,
382 2621 503 2708 optime
525 2622 560 2686 in
583 2644 615 2686 n.
633 2621 823 2688 CLXXXI.
843 2620 991 2706 truditur,
1014 2644 1056 2687 ex
1071 2642 1134 2707 quo
1149 2641 1263 2685 omnes
1279 2618 1335 2683 alii
1359 2616 1490 2685 codices

201 2723 379 2792 fluxerunt.

313 3155 484 3236 Quomodo
506 3168 614 3222 autem
638 3166 741 3221 totum
764 3175 882 3240 corpus
905 3153 1041 3218 Maximi
1057 3151 1215 3217 Planudis
1231 3152 1404 3237 exstiterit,
1420 3152 1487 3217 iem

202 3282 249 3324 ex
271 3260 332 3345 bis,
355 3283 437 3348 quse
457 3283 556 3347 supra
571 3261 659 3328 dictu
675 3272 759 3346 sunt,
775 3269 922 3347 apparet:
945 3259 1108 3323 Maximus
1126 3257 1303 3344 Plenudes,
1319 3261 1374 3346 qui
1390 3259 1490 3324 totius

203 3365 409 3432 collectionis
432 3380 546 3434 auctor
566 3367 637 3445 fuit,
660 3369 706 3433 ita
721 3390 793 3433 eum
813 3364 1032 3449 concinnavit,
1050 3375 1085 3429 ut
1100 3365 1243 3451 primum
1260 3387 1379 3451 corpus
1396 3364 1490 3430 Ethi-

204 3494 321 3538 corum
332 3474 370 3558 (s.
385 3476 512 3557 1-21,
523 3474 565 3540 cf.
577 3496 678 3562 snpra
689 3497 719 3562 p.
736 3475 787 3540 34.
804 3478 893 3559 sqq),
908 3483 978 3536 tum
990 3469 1116 3557 reliqua
1129 3472 1251 3557 scriptu
1271 3478 1309 3555 (s.
1326 3472 1491 3555 22-69.),

204 3580 293 3646 sicut
308 3582 338 3647 ei
359 3583 574 3668 contigerunt,
589 3583 623 3645 in
638 3602 741 3645 unum
757 3579 923 3665 redegisse
940 3577 1103 3665 putandus
1119 3578 1170 3642 sit.
1193 3578 1244 3644 Ac
1259 3590 1333 3665 post
1349 3579 1490 3665 primum

204 3699 334 3775 partem
357 3687 551 3754 collocatum
574 3698 624 3752 est
647 3686 689 3752 ab
716 3711 754 3753 eo
778 3685 1007 3773 corpusculum
1031 3708 1055 3750 s
1080 3686 1132 3750 22.
1155 3685 1208 3750 23.
1232 3686 1283 3750 24.
1310 3685 1491 3770 continens,

205 3794 294 3882 quod
317 3817 423 3860 meam
442 3795 659 3882 suspicionem
676 3793 717 3858 de
733 3792 894 3858 eiusmodi
909 3791 1103 3880 corpusculo
1119 3790 1291 3857 confirmat
1306 3794 1393 3880 (pag.
1412 3794 1490 3875 37.);

205 3900 393 3989 postillam
416 3899 641 3966 collectionem
665 3900 753 3964 vitae
783 3899 910 3967 Galbae
940 3910 973 3965 et
994 3897 1133 3964 Othonis
1157 3900 1194 3985 (s.
1229 3899 1281 3965 2ὓ.
1304 3910 1336 3965 et
1362 3900 1423 3983 26,
1447 3896 1489 3963 of.

205 4029 281 4094 pag.
303 4008 356 4072 40.
380 4012 460 4095 sqq.)
477 4005 654 4072 collocatae
677 4017 762 4071 suut.
784 4009 949 4072 Accurate
964 4006 1152 4070 testimonie
1168 4005 1210 4070 de
1225 4006 1296 4070 eins
1313 4026 1410 4093 opera
1426 4026 1492 4069 non

205 4111 390 4197 truduntur,
411 4112 447 4177 id
469 4112 557 4201 quod
575 4112 711 4177 moleste
726 4111 876 4195 ferimus3
892 4111 1005 4199 quales
1021 4111 1151 4177 codices
1166 4111 1327 4199 habuerit,
1343 4113 1490 4198 ignotum

206 4229 265 4284 est
300 4219 442 4284 Tantum
465 4220 531 4284 dici
554 4229 660 4306 potest
681 4218 829 4284 ordinem
853 4219 894 4285 ub
917 4241 956 4285 eo
978 4218 1200 4284 introductum
1224 4217 1342 4284 idonee
1365 4218 1491 4284 ratione

207 4324 400 4391 destitutum
431 4347 502 4390 esse
530 4347 605 4390 cum
628 4346 734 4411 neque
757 4325 798 4390 ed
830 4323 1074 4412 chronologiam
1110 4347 1215 4411 neque
1246 4324 1287 4390 ad
1321 4325 1490 4390 materiem

206 4434 404 4519 scriptorum
428 4443 597 4520 spectaret.

690 4631 1009 4639 -———--—-—--.....

317 4752 337 4819 ¹)
355 4753 396 4805 (li.
416 4752 576 4805 Muellerum
594 4754 612 4804 l.
632 4754 650 4805 l.
669 4770 695 4820 p.
714 4754 732 4806 2
751 4770 809 4821 sqq.
