3768 5866
174 542 230 615 {ut}
521 570 562 611 uu
585 570 755 611 rtuuanouu
779 570 937 612 uomruu
960 571 1118 613 courciuua
1414 549 1454 613 15

176 781 270 823 uuum
294 758 423 823 Putouii
434 763 467 840 1).
502 756 760 825 Studemundiuu
784 758 926 823 affirmat
950 758 1096 825 codicem
1119 771 1265 825 nostrum
1289 784 1359 825 esse
1384 761 1455 824 fon·

174 878 240 929 tem
265 864 387 931 codicia
410 865 508 930 Lour.
533 867 585 951 80,
608 867 661 930 21.
685 865 719 951 (l.
743 865 763 931 l.
789 866 883 949 153.)

282 971 435 1037 LXXXI
467 994 516 1036 ur.
540 974 645 1056 1374,
669 994 694 1036 u.
718 972 937 1055 XV—XVL
961 975 1104 1038 continet
1127 998 1151 1039 u.
1175 976 1226 1039 39.

542 1169 571 1231 t)
590 1169 732 1225 Oodtcaa
752 1170 890 1237 Raolnua
908 1170 1094 1225 Succorum.

282 1274 462 1341 LXXXII.
494 1276 567 1340 Vat
597 1275 677 1361 Reg.
707 1297 757 1361 gr.
788 1276 839 1340 80.
863 1276 919 1361 (=
928 1277 1016 1361 Pet),
1047 1300 1071 1341 a.
1095 1276 1180 1361 XV,
1204 1277 1290 1342 binis
1314 1277 1455 1364 scriptun

175 1381 344 1447 columnia.
380 1383 420 1447 Iu
443 1405 507 1469 qua
529 1381 726 1447 bibliotheca
751 1382 856 1448 codex
879 1382 935 1448 ille
959 1383 1135 1449 collocatus
1158 1396 1253 1470 cenet,
1284 1383 1339 1447 diu
1364 1385 1455 1469 igno-

176 1489 322 1554 rabatur:
346 1488 622 1577 Wyttenbachiue
645 1489 776 1576 quidem
800 1489 921 1555 librum
943 1504 1078 1556 noverat
1099 1501 1228 1556 tantum
1251 1513 1293 1556 ex
1309 1490 1455 1558 lectioni-

175 1596 246 1678 bus,
261 1618 344 1683 quae
367 1598 401 1661 in
420 1598 541 1682 „variis
556 1596 751 1662 lectionibus
773 1598 808 1661 in
831 1597 1001 1664 Plutarchi
1017 1597 1254 1664 Chaeronenais
1277 1597 1453 1685 opuscula“

175 1703 222 1783 (in
252 1702 449 1768 editionibus
479 1703 813 1771 Francofurtcnaibua
844 1704 1011 1770 Plutarchi
1043 1727 1178 1794 operum
1201 1728 1229 1770 a
1265 1705 1456 1788 1589-90,

178 1810 273 1895 1620,
300 1812 402 1895 1624,
425 1810 490 1876 vol.
513 1811 557 1877 II.
581 1811 642 1876 oub
665 1810 777 1897 finem)
801 1823 982 1877 servantur.
1010 1813 1132 1877 Fuerat
1153 1810 1211 1876 ille
1234 1811 1338 1877 codex
1362 1810 1455 1876 Pauli

176 1916 311 2003 Patavii,
341 1930 516 2004 usurpatus
550 1930 658 1984 autem
685 1929 735 1984 cat
760 1942 780 1983 a
805 1918 925 1984 Iacobo
963 1919 1151 2004 Bongaraio.
1181 1917 1456 2007 Wyttcnhachiuu

176 2022 323 2089 codicem
345 2023 486 2091 eundem
517 2036 613 2113 atque
645 2025 843 2090 Vossianum
866 2048 938 2091 eoae
960 2026 1096 2109 censuit,
1119 2035 1230 2112 postea
1255 2036 1363 2089 autem
1387 2025 1456 2110 opi-

176 2131 307 2197 nionem
329 2130 422 2197 illam
452 2134 592 2198 mutavit
622 2143 718 2220 atque
749 2132 896 2198 codicem
920 2133 1136 2199 Petavianum
1158 2132 1259 2197 alium
1281 2144 1380 2219 atque
1399 2153 1455 2195 ve-

175 2239 344 2304 tustiorem
374 2261 446 2305 caue
476 2240 647 2327 putavit2).
677 2240 816 2305 Treuiua
848 2239 994 2305 codicem
1024 2239 1117 2304 illum
1145 2262 1188 2305 ex
1209 2238 1372 2305 Vaticano
1394 2237 1456 2301 tlu-

175 2346 265 2410 xiaae
288 2345 509 2412 arbitrabatur
518 2350 551 2427 ⁸).
585 2346 683 2413 Nunc
713 2348 754 2412 Η.
786 2346 1019 2414 Steveneoniuu
1050 2345 1144 2410 illum
1171 2346 1317 2412 codicem
1349 2348 1383 2410 in
1406 2345 1455 2410 bi-

174 2450 340 2518 bliotheca
354 2453 518 2518 Vaticana
534 2453 621 2518 inter
636 2453 766 2520 codices
782 2454 915 2540 reginae
930 2454 1108 2520 Succorum
1123 2455 1266 2542 repperit
1275 2456 1310 2539 1).
1333 2454 1456 2535 Quum-

176 2581 274 2646 quam
287 2559 456 2646 catalogus
472 2559 527 2625 ille
546 2559 753 2627 Stevenaonii
767 2561 833 2625 ium
850 2583 878 2625 a.
896 2562 991 2627 1888.
1011 2562 1168 2648 apparuit,
1191 2582 1296 2648 neque
1319 2561 1456 2625 Bernar-

176 2665 296 2731 dakiue
320 2666 566 2756 (1V.,p.V11.)
598 2689 703 2754 neque
733 2668 933 2733 Reiuachiua
956 2668 988 2751 (l.
1012 2667 1033 2733 l.
1056 2668 1175 2750 XLV.)
1198 2691 1273 2733 euni
1297 2689 1456 2752 cognove-

177 2784 261 2839 runt
284 2774 437 2841 Ooutinet
467 2775 509 2839 28
534 2775 656 2861 scripta
679 2775 859 2842 secundum
883 2774 1029 2840 ordinem
1053 2776 1199 2861 corporis
1229 2773 1402 2840 Planudei:
1432 2796 1447 2836 s

177 2882 309 2946 31-53
332 2891 365 2946 et
387 2880 431 2945 55
439 2882 539 2965 -69,
562 2883 684 2968 scripto
707 2883 752 2948 54
774 2883 902 2947 omisso.
926 2885 956 2949 A
979 2882 1117 2948 Petavio
1136 2881 1237 2947 index
1252 2902 1362 2946 rerum
1379 2879 1457 2945 folio

178 2992 310 3076 praevio
332 2992 473 3078 scriptus
496 2999 554 3073 eat,
576 3001 744 3076 praeterea
767 2989 802 3053 in
833 2989 898 3055 fine
928 2989 1051 3055 codicia
1075 2999 1247 3055 accuratus
1277 2986 1380 3053 index
1410 2986 1456 3051 le·

176 3098 273 3182 gitur,
305 3120 347 3162 ex
369 3119 433 3184 quo
455 3105 544 3182 putet
565 3097 660 3161 initio
683 3098 725 3161 27
750 3097 873 3182 scripta
896 3095 1018 3179 deesse,
1042 3118 1179 3182 quorum
1207 3095 1349 3181 primum
1372 3107 1458 3160 esset

176 3227 200 3269 a.
227 3209 264 3289 1.,
286 3205 482 3289 vigesimum
506 3226 531 3267 o.
554 3204 640 3284 30⁵).

177 3310 376 3376 LXXXIII.
399 3310 478 3396 Rag.
502 3333 549 3396 gr.
575 3312 657 3394 120,
681 3332 705 3375 a.
729 3309 836 3393 XIII,
859 3310 1051 3375 continete.
1075 3311 1127 3373 22.
1154 3313 1180 3373 1.
1204 3310 1234 3374 2.
1278 3390 1281 3400 Ι

178 3417 371 3483 LXXXIV.
428 3469 444 3503 „
518 3469 533 3503 ,,
577 3419 657 3501 139,
684 3468 699 3504 ,,
730 3416 833 3497 XVI,
924 3466 939 3501 ,,
1022 3414 1458 3502 excerptaePlutarchiMo-

199 3630 376 3697 LXXXV.
425 3682 440 3716 ,,
515 3682 530 3715 ,,
575 3629 831 3715 142.,„XV1.,
922 3680 937 3713 „
1020 3521 1457 3717 exehsshlhhluurchthe

1083 3735 1217 3801 rulibua.

651 3903 678 3959 a)
697 3899 839 3955 cocleas
860 3900 987 3954 Palatini

178 4006 422 4071 accuratissime
446 4003 676 4070 describuntur
692 4028 710 4068 a
727 4004 939 4071 Stevenaonio
954 4005 989 4069 in
1005 4004 1160 4092 catalogo
1184 4005 1238 4070 cui
1252 4003 1456 4068 inscribitur:

181 4111 338 4198 „Codices
371 4112 585 4199 manuscripti
608 4111 750 4176 Palatini
773 4112 891 4179 Graeci
909 4111 1124 4178 bibliothecae
1142 4111 1323 4176 Vaticanae
1339 4132 1402 4175 rec.
1426 4121 1458 4175 et

178 4217 244 4304 dig.
261 4218 302 4283 H.
318 4220 500 4287 Stevenaou
512 4218 599 4283 uen.“
614 4217 757 4303 (Romae.
775 4218 883 4299 1885).
896 4217 1063 4283 Plutarchi
1079 4217 1216 4282 Morulia
1232 4216 1388 4303 praebent
1403 4238 1457 4282 co

179 4325 284 4390 dices:

178 4437 201 4441 ”
226 4437 307 4533 'mo
325 4470 355 4519 n.
376 4470 393 4522 1.
413 4485 438 4535 p.
458 4471 503 4521 vr.
578 4467 647 4534 ou.
667 4470 684 4520 ι.
704 4469 723 4519 1.
744 4467 803 4522 118.
878 4467 969 4534 'tzur
987 4458 1115 4520 ilberliet
1136 4476 1187 4520 010.
1206 4470 1226 4520 u
1246 4485 1271 4533 p.
1291 4470 1363 4520 xm.

286 4556 308 4625 ο)
325 4557 437 4609 Codice·
456 4559 576 4624 Reginae
594 4562 739 4609 c'necorum
751 4565 779 4609 et
792 4558 832 4608 Pii
846 4557 874 4609 P.
893 4559 922 4608 P.
942 4559 975 4611 11.
994 4557 1092 4609 Graeci
1110 4557 1291 4609 bibliothecae
1309 4559 1458 4609 Vaticana·

178 4663 231 4698 rac.
252 4656 280 4697 at
297 4645 352 4711 dig.
371 4647 406 4698 H.
426 4647 575 4698 Stevauuon
594 4646 654 4697 Son.
674 4648 783 4697 Romae.
803 4643 880 4699 1888.
899 4661 961 4711 pag.
980 4644 1095 4699 68-64.

287 4732 307 4800 ⁸)
325 4736 355 4786 P.
375 4733 418 4788 bl.
437 4736 627 4786 Stercuaoniuu
646 4735 716 4785 Iuleo
735 4734 853 4785 affirmat
872 4732 906 4786 17
924 4735 1027 4800 acripta
1050 4735 1152 4799 denae,
1177 4751 1239 4786 cum
1265 4737 1320 4787 alio
1345 4738 1403 4787 loco
1421 4740 1457 4802 (p.

179 4823 235 4892 68.)
253 4823 288 4876 27
308 4824 408 4889 scripta
427 4824 519 4874 decane
538 4824 635 4875 trudat.
655 4823 696 4874 cf.
716 4824 858 4874 Patcuium
878 4824 894 4875 l.
914 4824 932 4873 l.
951 4825 983 4875 V.
