3768 5866
171 590 230 662 191]
519 620 560 660 ou
582 619 753 661 rnursscm
776 620 936 662 uomina
959 619 1118 661 conrmncs
1411 596 1457 660 49

282 806 312 871 2.
336 806 494 872 Venimus
516 829 605 874 nunc
628 807 671 873 ad
693 807 874 874 secundam
897 817 1021 896 partem
1045 807 1194 874 codicum
1211 808 1355 895 corporis
1378 806 1457 873 Plu-

173 911 301 979 tarchei
319 912 357 999 (s.
373 914 536 1001 22-69.),
559 936 696 1002 quorum
712 937 870 980 numerus
894 916 997 980 maior
1020 926 1069 980 est
1092 937 1189 1003 quam
1210 914 1266 1003 qui
1283 924 1374 1002 parts
1389 914 1456 1000 pri-

175 1020 244 1085 iors
266 1023 458 1086 continetur.
481 1020 694 1108 Suspicamur
715 1022 750 1086 in
772 1032 865 1088 textu
892 1046 917 1087 s.
944 1023 1087 1087 22-69.
1110 1020 1310 1087 recensendo
1325 1021 1455 1086 codices

174 1137 302 1192 nostros
324 1128 358 1191 in
382 1127 504 1215 aliquot
526 1129 652 1215 species
675 1128 918 1196 distribuendos
942 1152 1022 1211 esse,
1045 1152 1110 1217 qua
1133 1130 1167 1193 in
1190 1150 1226 1193 re
1249 1129 1384 1192 nitimur
1398 1127 1456 1211 eis,

171 1255 258 1321 quae
282 1256 380 1322 supra
403 1233 443 1299 de
466 1235 598 1302 diverso
622 1235 736 1301 ordine
768 1237 803 1300 in
833 1236 884 1299 his
914 1236 1043 1324 scriptis
1075 1236 1223 1300 instituto
1254 1233 1455 1322 protulimus.

175 1340 397 1408 Discernendi
421 1364 499 1408 vero
522 1355 610 1408 sunt:

285 1451 316 1531 1)
340 1447 469 1515 codices
491 1451 601 1515 omnia
623 1450 678 1516 vel
701 1450 859 1516 nonnulla
883 1451 1004 1537 scripta
1027 1449 1130 1537 partis
1154 1447 1317 1515 secundae
1340 1469 1457 1512 secun-

173 1552 256 1619 dum
280 1556 427 1622 ordinem
452 1555 654 1623 Planudeum
678 1557 851 1645 complexi,

282 1663 316 1747 2)
339 1662 470 1728 codices
493 1664 615 1751 scripto
637 1665 690 1731 54.
714 1677 876 1747 carentes,

283 1769 316 1849 3)
340 1756 469 1835 codices
492 1769 650 1835 nonnulla
672 1773 796 1859 scripta
818 1772 964 1858 corporis
987 1769 1147 1836 Plauudei
1172 1792 1246 1835 cum
1263 1768 1457 1853 fragmentis

173 1876 389 1962 conduentes,

288 1985 321 2064 4)
345 1984 475 2050 codices
499 1986 630 2072 scriptis
653 1987 707 2052 25.
732 1987 783 2051 26.
808 1985 963 2051 destituti.

283 2092 430 2172 Quorum
460 2090 610 2157 codicum
642 2094 674 2157 in
700 2093 807 2178 prima
830 2092 934 2158 classa
968 2091 1128 2179 imprimis
1160 2087 1350 2154 nominandi
1382 2097 1459 2151 sunt

175 2196 308 2263 codices
331 2199 471 2263 Parisini
495 2200 534 2285 Α,
549 2199 593 2287 (n.
616 2200 655 2283 Ι.)
679 2201 707 2265 Ε
732 2199 775 2286 (n.
799 2200 848 2285 V„
872 2200 913 2266 de
936 2221 1074 2286 quorum
1089 2220 1178 2264 nexu
1194 2196 1236 2263 cf.
1252 2217 1337 2284 quae
1360 2215 1459 2282 supra

175 2303 323 2369 diximus
338 2328 367 2392 p.
384 2306 404 2370 8
422 2304 490 2393 sq),
523 2305 704 2371 Vaticanus
723 2307 796 2372 139.
825 2307 868 2389 (n.
884 2305 1085 2392 LXXVII),
1108 2303 1346 2370 Ambrosianus
1357 2301 1384 2369 C
1397 2301 1462 2366 126

174 2411 236 2476 inf.
267 2416 309 2495 (n.
344 2412 517 2498 CLVIII),
551 2414 791 2479 Laurentianus
823 2416 874 2500 80,
905 2414 933 2479 5.
966 2415 1010 2499 (n.
1040 2412 1237 2497 exirm),
1271 2409 1459 2475 Marcianus

175 2519 243 2585 248
266 2525 310 2602 (n.
333 2520 520 2604 XXVIH.).

284 2627 421 2695 Codices
444 2629 484 2712 Α,
506 2629 544 2712 Ε,
567 2629 804 2694 Ambrosianus
828 2627 855 2694 C
880 2629 953 2693 126.
976 2627 1043 2711 int,
1073 2626 1254 2691 Vaticanus
1288 2624 1361 2690 139.
1393 2645 1459 2687 non

176 2743 256 2798 sunt
278 2735 424 2822 excerpti
447 2735 530 2801 ulter
552 2756 594 2800 ex
616 2734 728 2819 altero,
751 2737 874 2798 utiam
899 2756 999 2820 supra
1023 2733 1212 2798 adnotatum
1237 2741 1286 2797 est
1308 2729 1364 2814 (ci.
1387 2751 1460 2816 pag.

177 2839 253 2925 22),
284 2839 342 2905 sed
371 2862 485 2906 omnes
515 2865 556 2907 ex
586 2840 765 2929 archetypo
796 2839 961 2905 secundas
992 2839 1094 2926 partis
1125 2839 1269 2924 corporis
1301 2835 1460 2901 Planudei

178 2943 353 3031 fluxerunt,
376 2970 472 3033 quam
490 2946 530 3011 ob
546 2969 614 3012 rem
632 2970 744 3012 omnes
759 2949 794 3011 in
811 2945 900 3011 illius
916 2946 1018 3032 partis
1034 2956 1126 3012 textu
1142 2942 1341 3011 recensendo
1357 2964 1462 3030 aequa

177 3052 303 3118 ratione
315 3053 469 3119 causandi
483 3066 567 3119 sunt.
590 3053 728 3121 Codices
744 3064 852 3120 autem
873 3053 1132 3119 Laurentianum
1149 3053 1201 3129 80,
1217 3053 1247 3137 5,
1258 3050 1464 3115 Marcianum

175 3157 253 3223 248.
277 3181 295 3224 e
315 3159 427 3226 codice
441 3160 602 3226 Vaticano
620 3162 692 3227 139.
709 3183 857 3227 manasse
873 3183 971 3247 supra
987 3160 1293 3225 demonstravimus.
1317 3157 1369 3222 De
1387 3154 1460 3220 aliis

177 3264 348 3331 codicibus
373 3267 415 3333 ci.
425 3290 512 3365 pag.
535 3269 587 3333 34

286 3373 325 3438 In
349 3373 495 3439 secunda
517 3372 622 3439 classe
645 3373 836 3439 nominandi
861 3385 936 3438 sunt
960 3373 1133 3459 praecipue
1164 3370 1269 3436 codex
1293 3368 1462 3434 Parisinus

177 3501 228 3565 gr.
253 3480 347 3545 1675.
376 3481 403 3545 B
426 3481 470 3565 (n.
494 3480 550 3566 Π.)
574 3490 605 3546 et
627 3479 810 3545 Vaticanus
832 3480 911 3564 Reg.
935 3502 983 3563 gr.
1010 3478 1071 3563 80,
1095 3481 1139 3559 (n.
1163 3476 1357 3559 LXXXII.)
1381 3495 1462 3540 uon-

179 3584 260 3649 dum
284 3585 432 3665 collatus,
454 3587 510 3673 qui
534 3585 675 3652 deterior
697 3608 770 3651 esse
792 3583 925 3650 videtur
948 3595 1183 3672 proptereaque
1205 3585 1240 3647 in
1263 3581 1315 3646 his
1332 3581 1463 3666 scriptis

177 3691 304 3757 minore
326 3692 519 3757 auctoritate
543 3703 599 3758 est.
623 3692 715 3757 Alios
739 3691 868 3758 codices
892 3692 1145 3757 commemoravi
1169 3713 1242 3777 pag.
1270 3689 1324 3754 40.

286 3797 423 3865 Codices
446 3802 561 3865 tertiae
585 3798 700 3864 classis
724 3821 798 3864 cum
823 3798 1026 3884 fragmentis,
1050 3796 1160 3861 adhuc
1183 3807 1308 3861 tantum
1326 3804 1393 3859 tres
1409 3814 1463 3858 co·

175 3905 273 3991 guid,
296 3906 393 3971 Laur.
417 3906 469 3990 56,
492 3909 527 3987 4;
551 3907 602 3983 80,
626 3907 678 3990 22,
701 3904 901 3970 Harleianus
924 3905 1031 3984 5092,
1055 3907 1098 3984 (n.
1122 3902 1269 3987 CCXH.)
1295 3910 1372 3965 sunt
1387 3899 1464 3965 fun·

178 4011 371 4077 dementum
401 4012 594 4078 recensendi
624 4023 734 4078 textus
765 4013 800 4076 in
831 4010 1025 4096 fragmentis
1048 4010 1075 4075 Ι.
1098 4021 1131 4075 et
1153 4010 1207 4093 Π,
1238 4008 1295 4074 sed
1327 4007 1464 4072 minoris

177 4129 257 4183 sunt
287 4120 396 4206 pretii:
428 4120 462 4183 in
493 4119 566 4183 aliis
598 4141 676 4185 vero
699 4120 830 4207 scriptis
853 4118 999 4183 nondum
1027 4118 1213 4183 accuratius
1237 4114 1348 4181 collati
1380 4122 1465 4180 sunt.

179 4224 236 4310 (ci.
260 4247 332 4312 pag.
357 4228 409 4293 30.
434 4227 511 4302 40.).

287 4332 436 4398 Eandem
460 4334 684 4399 auctoritatem
708 4332 837 4398 codices
860 4340 994 4418 quartae
1018 4328 1134 4395 classis
1157 4327 1278 4393 babere
1302 4327 1466 4413 videntur,

177 4440 237 4525 qui
259 4437 367 4505 adhuc
390 4441 592 4505 accuratiore
616 4450 727 4504 carent
748 4438 948 4503 recensione.
971 4435 1028 4521 (cf.
1051 4458 1125 4522 pag.
1148 4436 1202 4500 40.
1226 4458 1272 4521 sq.
1295 4436 1371 4520 42).

288 4544 459 4629 Quomodo
482 4557 590 4611 autem
606 4543 755 4609 nonnulli
772 4542 829 4608 alii
846 4543 975 4609 codices
992 4543 1079 4608 inter
1094 4565 1129 4606 se
1145 4540 1351 4627 cohaereant,
1367 4562 1467 4629 supra

179 4653 284 4716 variis
306 4651 388 4717 locis
411 4653 668 4718 demonstratum
691 4663 749 4716 est.

288 4760 318 4823 3.
341 4758 611 4824 Commodissima
633 4778 687 4823 res
698 4757 733 4821 in
749 4756 878 4841 scriptis
895 4756 1035 4821 70-76.
1051 4763 1241 4840 comparata
1254 4764 1314 4839 est,
1329 4776 1467 4841 quorum

177 4874 310 4932 tantum
333 4864 398 4928 duo
429 4865 534 4929 fontes
564 4864 705 4929 Parisini
739 4862 766 4927 B
797 4872 829 4927 et
858 4861 887 4927 E
912 4871 1052 4946 exstant,
1081 4861 1137 4947 qui
1162 4858 1293 4926 codices
1317 4861 1469 4947 quamvis
