3768 5866
162 593 216 664 [bl]
502 619 543 659 nn
567 618 736 660 rauranum
761 618 919 658 nouantur
943 616 1102 660 conuersus
1420 600 1441 662 9

160 808 301 873 Treuius
314 812 336 889 l)
358 819 470 896 postea
494 809 688 873 senteutiam
712 830 804 872 suam
835 808 1048 873 commutavit
1078 819 1174 895 atque
1205 806 1441 873 demonstravit

161 914 308 980 codicem
331 915 360 980 1⁴:
384 937 449 979 non
474 914 672 1001 descriptum
693 937 764 980 esse
779 938 821 980 ex
837 913 950 979 codice
973 916 1012 999 A,
1035 924 1207 1002 propterea
1221 914 1307 1002 quod
1323 937 1441 982 norem

162 1022 283 1110 scripta
299 1022 337 1106 (s.
356 1022 509 1102 70-78.)
532 1022 706 1108 contineat,
726 1043 811 1108 qnae
826 1022 861 1085 in
877 1042 1012 1107 corpore
1028 1020 1195 1087 Planudeo
1212 1020 1327 1087 desint.
1343 1022 1441 1088 Prae-

160 1140 249 1195 terea
271 1131 305 1192 in
329 1127 442 1195 codice
465 1129 494 1194 Ε
510 1128 645 1214 triginta
661 1127 731 1194 fere
747 1128 827 1193 locis
843 1129 1037 1193 omittuntur
1051 1127 1178 1193 litterae
1201 1127 1255 1193 vel
1271 1128 1441 1214 vocabula,

161 1237 194 1301 iu
219 1235 332 1302 codice
354 1236 385 1299 A
407 1257 486 1301 vero
508 1234 590 1301 locis
621 1235 687 1301 illis
717 1234 809 1300 nulla
838 1234 957 1300 lacuna
986 1236 1155 1323 reperitur,
1187 1257 1283 1322 quam
1307 1235 1349 1300 ob
1371 1257 1441 1302 rem

161 1341 307 1409 codicem
339 1342 367 1407 Ε
398 1364 440 1407 ex
464 1341 576 1408 codice
599 1342 628 1406 A
652 1365 803 1408 manasse
829 1341 920 1408 nullo
947 1341 1042 1406 modo
1076 1342 1225 1408 conicere
1258 1365 1440 1431 possumus.

161 1449 344 1537 Utrumque
374 1459 483 1514 antem
514 1449 660 1516 codicem
690 1472 732 1515 ex
757 1447 871 1515 eodem
889 1448 979 1514 fonte
1000 1449 1171 1514 fluxixisse
1185 1447 1264 1514 inde
1285 1448 1442 1536 intelligi·

19 1560 20 1575 ¹
160 1567 223 1642 tur,
239 1555 325 1643 quod
343 1556 375 1643 l)
391 1556 425 1620 in
438 1566 575 1644 utroque
585 1555 672 1622 idem
685 1555 764 1622 ordo
775 1554 950 1621 Moralium
961 1556 1112 1641 occurrit,
1125 1557 1158 1637 2)
1171 1556 1339 1643 utriusque
1355 1555 1441 1621 tituli

160 1674 256 1750 atque
287 1662 516 1750 inscriptiones
538 1661 645 1729 eidem
668 1675 754 1748 sunt,
776 1663 810 1744 3)
833 1673 943 1727 textus
965 1662 1135 1748 utriusque
1165 1684 1318 1748 magnam
1351 1664 1442 1727 simi-

162 1769 332 1835 litudinem
363 1770 513 1835 ostendit
544 1770 585 1836 Iu
619 1793 643 1834 s.
676 1770 815 1837 70-76.
847 1768 1083 1834 constituendis
1104 1767 1161 1834 hic
1187 1768 1257 1834 fere
1279 1791 1364 1834 unus
1388 1791 1441 1835 co·

161 1876 225 1941 dex
256 1876 505 1943 fundamentum
536 1887 646 1943 textus
676 1877 818 1963 praebet.
848 1875 911 1961 (cf.
946 1897 1045 1962 supra
1075 1875 1299 1941 adnotationes
1323 1875 1363 1942 de
1387 1900 1441 1942 co-

162 1984 235 2050 dioe
258 1984 284 2048 B
308 2006 381 2071 pag.
404 1986 449 2066 6.)

267 2091 399 2156 Primus
423 2113 575 2178 maguam
599 2093 824 2157 auctoritatem
843 2090 942 2156 huius
959 2089 1082 2156 codicis
1098 2092 1123 2156 B
1140 2089 1318 2156 Muellerus
1334 2100 1440 2156 osten-

162 2199 209 2263 dit
219 2202 251 2284 ²).
274 2198 429 2265 Oodicem
452 2200 593 2285 primum
625 2198 763 2264 contulit
792 2198 925 2285 contus,
954 2208 1023 2263 tum
1050 2196 1249 2263 Duebnerus
1282 2197 1317 2261 in
1345 2220 1439 2263 usum

162 2303 418 2371 Wiuckelmanii
450 2305 484 2369 in
508 2328 533 2369 s.
558 2307 600 2371 70
609 2306 644 2389 ⁸),
666 2328 694 2370 a.
719 2326 798 2370 vero
822 2304 916 2371 1868.
939 2304 1090 2369 Prinuius
1113 2304 1146 2367 in
1171 2327 1196 2368 s.
1220 2305 1307 2389 ll‘),
1329 2315 1442 2392 postea

159 2411 299 2477 Treuins
322 2413 357 2476 in
380 2436 404 2476 s.
431 2413 558 2478 70-77
571 2416 604 2497 ⁶),
626 2410 746 2477 deinde
768 2409 1057 2495 semardnkiusflp
1080 2410 1221 2498 denique
1244 2409 1441 2476 Reinachius

161 2520 353 2600 msaeb

267 2626 326 2692 VI.
356 2627 393 2711 F,
424 2650 455 2692 n.
489 2627 594 2712 1967,
623 2637 776 2691 exaratus
807 2648 831 2690 s.
855 2625 917 2691 XI.
948 2627 1089 2711 ineunte,
1122 2634 1158 2689 ut
1180 2647 1292 2690 omnes
1311 2634 1441 2711 praeter

161 2734 384 2820 Duebnerum,
406 2734 462 2822 qui
486 2756 561 2800 eum
593 2757 617 2798 s.
649 2733 728 2798 XII.
752 2732 911 2818 attribuit,
934 2743 1077 2818 censent,
1100 2732 1245 2797 continet
1266 2729 1440 2796 Moralium

161 2864 184 2906 s.
201 2842 245 2906 66
260 2840 299 2905 fr.
316 2843 345 2906 3.
362 2842 392 2906 4.
415 2841 594 2927 (Potonius,
616 2841 672 2928 qui
695 2840 793 2905 etiam
809 2863 840 2905 n.
858 2840 942 2905 1967
967 2861 1042 2904 eum
1065 2837 1237 2924 significat,
1264 2859 1331 2903 non
1352 2848 1441 2904 recte

161 2949 204 3013 34
228 2948 365 3036 scribit),
386 2949 438 3014 64
466 2951 518 3014 67.
542 2948 647 3015 6869.
671 2947 700 3012 6.
725 2950 744 3012 7
769 2947 939 3032 (Patonius
961 2945 1047 3011 male
1069 2945 1111 3011 67
1136 2944 1291 3033 praebet).
1315 2946 1365 3010 16.
1391 2946 1441 3011 19.

160 3056 213 3121 er.
237 3057 288 3122 66.
312 3056 364 3122 66.
388 3056 439 3123 ss.
463 3053 946 3141 ss.o.1ns10s.s.s0spnm
967 3065 1029 3118 sn:
1049 3034 1281 3141 thiat<
1298 3060 1441 3142 sama,

160 3186 203 3227 ex
225 3186 289 3250 quo
313 3173 448 3250 apparet
468 3164 533 3228 tria
555 3163 677 3248 scripta
706 3162 741 3226 in
765 3159 889 3228 codicis
911 3161 1047 3226 introitu
1071 3160 1207 3247 perisse3
1229 3158 1309 3223 ordo
1330 3168 1439 3225 autem

160 3270 284 3335 codicis
299 3269 438 3335 multum
462 3269 572 3334 differt
593 3268 635 3334 ab
659 3267 774 3333 ordine
796 3266 967 3351 tralaticio,
999 3267 1094 3332 cuius
1117 3266 1257 3351 vestigia
1283 3277 1442 3353 apparent

160 3388 287 3442 tautum
311 3379 345 3441 in
368 3399 393 3441 s.
416 3378 446 3442 3.
469 3378 592 3465 6767.
615 3377 668 3442 68.
691 3374 836 3463 69166.
859 3376 912 3440 67.
935 3371 1174 3459 6810666661
1202 3370 1329 3438 odicem
1356 3373 1392 3437 in
1415 3396 1440 3438 s.

160 3485 213 3550 68.
236 3486 271 3548 in
295 3506 391 3549 usum
414 3483 542 3549 Patonii
566 3484 735 3550 Hubertus
758 3482 974 3566 Pernotiusl),
989 3491 1102 3567 postea
1115 3480 1152 3544 in
1174 3478 1298 3566 aliquot
1319 3476 1441 3545 libellis

160 3590 464 3671 Bernardakiusw).
494 3589 683 3659 Secundum
705 3590 864 3656 Treuium
886 3610 951 3653 non
977 3586 1118 3653 multum
1140 3586 1306 3672 discrepat
1328 3584 1441 3653 aOet

158 3700 251 3785 Gn),
273 3696 456 3765 secundum
489 3696 751 3762 Bernardalrium
790 3694 977 3761 simillimus
1015 3704 1066 3759 est
1098 3691 1268 3759 codicibus
1302 3691 1440 3759 Venetis

158 3807 336 3894 praecipue
359 3805 406 3870 V'
421 3808 468 3885 ¹²).

270 3912 347 3978 VII.
369 3912 411 3998 G,
432 3934 482 3977 nr.
505 3912 611 3997 2076,
633 3935 658 3976 s.
681 3911 758 3976 XV.
773 3920 912 3976 exeunte
928 3909 1080 3995 scriptus,
1101 3908 1246 3974 continet
1268 3903 1441 3971 Moralium

158 4021 254 4087 haec:
279 4024 307 4085 1.
330 4020 383 4086 48.
406 4020 458 4087 27.
481 4022 534 4086 47.
557 4020 610 4085 61.
626 4020 679 4084 31.
694 4019 747 4084 29.
764 4019 815 4083 10.
831 4016 1020 4083 666462.
1036 4015 1066 4080 6.
1084 4015 1135 4079 19.
1153 4015 1203 4080 16.
1225 4015 1255 4080 9.
1271 4013 1325 4079 88.
1341 4012 1393 4078 24.
1409 4014 1438 4078 8.

158 4129 213 4193 20.
239 4130 267 4194 7.
295 4129 344 4193 17.
368 4128 421 4193 66.
445 4128 497 4192 36.
521 4127 573 4192 67.
598 4128 628 4192 3.
644 4128 674 4191 4.
692 4127 742 4190 12.
759 4125 812 4189 21.
828 4124 880 4190 30.
899 4125 949 4188 14.
967 4124 1017 4187 11.
1043 4122 1093 4186 13.
1116 4120 1169 4187 28.
1181 4119 1228 4205 ¹⁸).
1251 4116 1441 4186 &cundum

270 4453 290 4520 ¹)
307 4454 359 4504 zur
378 4443 507 4505 666666.
527 4451 548 4500 1.
568 4466 593 4514 p.
612 4449 657 4500 nv.
677 4464 733 4514 qq.
842 4443 911 4510 ¹)1..
932 4444 949 4493 ι.
969 4459 995 4508 p.
1013 4440 1033 4495 t
1050 4457 1107 4508 sqq.
1199 4436 1267 4505 ¹)1.
1286 4440 1304 4489 1.
1324 4457 1349 4506 p.
1368 4441 1440 4495 vm.

268 4542 289 4607 ⁴)
307 4541 385 4608 Apud
404 4539 564 4591 Muellerum
581 4536 599 4587 l.
619 4536 637 4586 l.
656 4531 681 4587 4.
791 4532 811 4599 ⁸)
829 4534 883 4584 Zur
900 4521 1031 4583 Ubarlies.
1053 4537 1104 4581 etc.
1123 4527 1155 4578 11.
1175 4525 1288 4580 12-87.

268 4629 289 4695 ⁸)
308 4631 338 4683 1..
357 4631 376 4681 l.
394 4631 414 4681 1.
434 4646 460 4695 p.
481 4628 527 4679 XI.
546 4626 618 4677 XVI.
636 4623 730 4675 xnvl.
841 4617 860 4687 1)
879 4622 909 4672 L.
928 4620 946 4668 l.
965 4634 990 4683 p.
1010 4617 1133 4667 xxm
1151 4632 1191 4681 ul.

268 4719 289 4779 'l
308 4720 448 4772 Omontius
467 4718 484 4767 l.
503 4716 521 4767 l.
540 4717 574 4767 11.
594 4710 654 4767 171.
763 4708 784 4778 ¹)
802 4711 833 4760 1.
852 4709 870 4759 1.
889 4724 916 4774 p.
934 4707 968 4758 X.
1077 4701 1109 4771 ¹⁰)
1128 4705 1158 4756 L.
1177 4704 1195 4755 l.
1214 4706 1245 4771 L,
1263 4706 1309 4758 11.

270 4811 302 4873 ιΙ)
321 4810 362 4859 Da
379 4806 437 4860 oud
456 4807 517 4856 Par.
537 4811 588 4855 otc.
608 4818 634 4868 p.
653 4798 696 4854 11.
805 4795 838 4863 ¹¹)
855 4797 886 4848 1..
905 4797 923 4847 l.
942 4796 964 4847 1.
982 4794 1066 4846 XXV.

270 4897 301 4964 ¹⁸)
319 4894 519 4949 Barnardakiua
537 4893 557 4947 l.
576 4893 594 4944 l.
613 4892 634 4942 L
654 4907 681 4955 p.
699 4891 745 4941 XL
