3768 5866
190 584 246 655 1⁸¹]
537 612 578 652 na
602 609 772 652 neumausi
796 612 953 652 nomon
978 612 1136 653 oonrcraus

227 799 348 865 CXVI.
372 801 469 865 Lsur.
492 800 608 884 LVH,
649 800 710 883 52,
734 823 758 864 s.
781 799 884 883 XVI,
908 801 1053 866 eontinet
1075 801 1196 890 Lysiae
1219 801 1328 867 vitam.

210 905 349 974 CXVII.
417 958 431 992 „
491 906 624 990 LVIII,
650 908 709 991 10,
736 959 751 993 „
777 906 863 990 XV..
967 959 982 993 „
1075 908 1179 973 vitam
1201 908 1364 975 Isoeratis.

189 1013 347 1080 CXVIII.
415 1064 430 1097 „
490 1013 623 1097 LVIII,
648 1016 709 1099 24,
735 1065 750 1099 „
776 1013 879 1089 ΚΝ,
962 1066 977 1100 „
1072 1039 1099 1103 p.
1125 1016 1310 1081 111-112.
1356 1036 1470 1080 exeer-

191 1132 281 1205 ptum
309 1124 362 1205 ,ἐκ
384 1130 438 1208 τῆς
461 1113 489 1196 ζ’
513 1124 613 1203 βίβλου
636 1132 689 1183 τοῦ
714 1119 911 1209 Πλουτάρχου
934 1125 988 1203 (ex
1020 1124 1063 1187 60
1085 1120 1171 1186 libro
1202 1120 1396 1207 Plutarchi):
1427 1124 1472 1185 ὅτι

190 1230 226 1291 τὰ
250 1231 279 1292 ὲν
302 1233 425 1315 Δελφοῖς
447 1233 474 1293 εἴ
495 1229 570 1302 τινές
593 1252 677 1315 φασιν
700 1230 873 1316 &veprosa
899 1267 938 1275 -
963 1230 1242 1317 ἐτραχηλοκόπησεν
1266 1220 1298 1293 δὲ
1322 1235 1359 1303 ὡς
1383 1252 1472 1315 στρα-

192 1338 315 1422 τηγικὸν
337 1343 353 1400 ὁ
376 1339 513 1421 lipidam
537 1337 631 1421 νόμον.

297 1442 421 1508 CXIX.
445 1442 544 1507 Laur.
568 1443 701 1525 LVIII,
725 1443 787 1526 29,
809 1446 841 1513 (a
863 1441 1041 1507 Reinaohio
1068 1464 1203 1507 numero
1226 1443 1278 1507 27.
1302 1463 1471 1529 perperam

190 1550 349 1633 signatus}
374 1573 398 1615 s.
421 1549 524 1629 ΚΝ,
549 1552 692 1615 eontinet
716 1574 740 1615 s.
763 1551 815 1613 39.
839 1549 1088 1636 Transseriptus
1119 1561 1169 1613 est
1192 1549 1374 1614 seeundum
1397 1549 1472 1616 Stu-

190 1656 405 1720 demundium
429 1655 462 1741 (l.
486 1655 505 1721 l.
531 1658 617 1743 154.)
639 1681 657 1721 e
680 1657 841 1721 Vaticano
867 1656 938 1719 192.

297 1764 403 1830 CXX.
427 1763 525 1827 Lanr.
550 1764 648 1848 LIX,
675 1766 711 1847 1.,
736 1788 759 1827 s.
784 1762 887 1846 ΚΝ,
911 1763 1055 1828 erintinet
1078 1786 1102 1827 s.
1127 1764 1178 1828 39.
1198 1764 1251 1827 42.
1268 1763 1396 1850 Seripto
1419 1764 1471 1826 42.

190 1871 421 1956 praemittitur:
440 1870 604 1955 ,Platonis
620 1871 745 1936 Timaei
758 1871 857 1934 Loeri
869 1870 909 1935 de
921 1870 1031 1934 anima
1047 1868 1159 1933 mundi
1177 1880 1210 1934 et
1225 1880 1342 1934 natura
1357 1868 1471 1934 liber“.

192 1978 232 2041 In
259 2002 282 2040 s.
307 1980 358 2041 39.
382 1977 521 2043 eollatus
545 1988 594 2041 est
617 2000 636 2041 s
658 1975 867 2061 Murquerdio
891 1987 923 2040 et
946 1974 1126 2040 Reineehio
1149 1974 1205 2061 (of.
1228 1973 1248 2039 l.
1272 1974 1292 2038 l.
1315 1974 1438 2057 XLII.)

334 2084 458 2150 CXXI.
483 2085 581 2148 Laur.
606 2084 704 2149 LIX..
748 2085 808 2165 47..
833 2107 857 2146 s.
880 2082 966 2164 XV.
1008 2081 1106 2147 habet
1130 2107 1154 2146 s.
1180 2086 1207 2147 1.

318 2191 460 2258 CXXII.
521 2243 536 2276 „
601 2191 682 2273 Lx,
751 2193 807 2273 14,
835 2241 850 2275 „
876 2189 962 2272 XV,
1047 2241 1062 2274 „
1137 2241 1152 2275 „
1178 2190 1208 2253 6.

298 2298 458 2363 CXXIII.
522 2349 537 2382 „
601 2298 719 2381 LXX,
772 2300 808 2381 1,
836 2348 851 2383 „
877 2295 980 2377 XIV,
1004 2297 1147 2361 eontinet
1169 2320 1193 2361 s.
1217 2297 1269 2362 57.

298 2405 470 2469 Praeterea
493 2407 701 2469 eontinentur
723 2403 847 2468 codiee:
875 2404 1025 2488 ,Arriani
1053 2403 1217 2492 expeditio
1235 2402 1417 2468 Alexandri
1440 2415 1472 2469 et

190 2511 327 2575 Diodori
339 2511 442 2577 Siouli
455 2511 689 2599 descriptiones
702 2512 772 2574 sive
783 2510 957 2576 historicae
969 2510 1185 2577 bibliothecae
1197 2510 1217 2574 l.
1230 2508 1353 2575 I-IIl.
1365 2523 1397 2574 et
1409 2510 1470 2574 V“.

279 2618 437 2684 CXXIV.
462 2619 559 2683 Laur.
583 2618 701 2703 LXX,
724 2620 763 2703 5,
787 2642 811 2682 s.
834 2617 920 2685 XV..
963 2619 1108 2682 eontinet
1131 2642 1154 2682 s.
1180 2619 1231 2682 77.

296 2725 436 2793 CXXV.
500 2777 515 2809 „
583 2725 700 2797 Lxx..
723 2728 763 2809 9,
789 2776 804 2810 „
829 2724 933 2809 xlv.
1027 2776 1042 2809 „
1138 2776 1153 2810 „
1179 2726 1231 2790 57.

297 2833 471 2897 Praeterea
494 2832 599 2896 sodex
623 2833 755 2897 Arriani
780 2831 821 2896 de
838 2831 1043 2918 expeditione
1060 2830 1244 2896 Alexandri
1260 2830 1362 2896 libros
1385 2829 1470 2896 VIII

187 2952 221 3005 et
244 2939 380 3004 Diodori
413 2938 516 3005 Sieuli
548 2938 624 3003 bibl.
656 2938 729 3002 hist.
757 2937 776 3002 l.
809 2938 866 3003 IV.
901 2939 1052 3003 eontinet
1084 2938 1265 3003 Bandinius
1295 2937 1352 3018 (II.
1383 2938 1471 3019 669.)

190 3046 325 3112 adnotat
355 3045 449 3110 haee:
484 3047 576 3131 ,Hoo
599 3044 814 3132 exemplar...
838 3067 880 3110 ex
905 3044 961 3108 illo
984 3046 1016 3117 (i.
1040 3069 1066 3109 e.
1090 3044 1208 3127 LXX,
1225 3044 1264 3130 Ι)
1288 3044 1470 3109 derivatum

190 3153 293 3217 fuisse
317 3156 434 3240 patet“.

317 3259 475 3325 CXXVI.
498 3261 595 3323 Laur.
620 3259 737 3323 LXX..
802 3262 859 3337 19,
884 3283 908 3322 s.
932 3259 1016 3339 XV,
1045 3258 1189 3322 eontinet
1212 3258 1333 3345 Lysiae
1360 3258 1471 3323 vitem.

298 3366 476 3435 CXXVII.
547 3417 562 3451 „
622 3365 776 3449 LXXX,
821 3367 861 3449 ὃ,
886 3415 902 3451 „
929 3364 1033 3447 ΚΝ,
1056 3366 1200 3429 eontinet
1230 3364 1298 3430 464
1329 3361 1416 3428 loliis
1446 3388 1471 3427 s.

192 3475 311 3539 1-69.
334 3486 367 3537 et
391 3474 451 3557 78,
474 3473 494 3535 l.
511 3472 633 3537 l-IV.
655 3471 795 3536 Trenins
823 3470 1022 3535 demonstrat
1049 3471 1082 3533 in
1110 3469 1223 3535 oodiee
1246 3469 1308 3535 hoo
1329 3469 1470 3535 eundem

190 3579 339 3646 ordinem
368 3602 439 3645 esse
462 3582 497 3643 in
520 3580 582 3644 HL
605 3592 638 3644 et
656 3578 715 3643 IV.
738 3578 823 3643 libro
846 3602 871 3642 s.
896 3578 956 3661 78,
980 3578 1035 3664 qui
1060 3591 1109 3642 est
1141 3577 1176 3640 in
1199 3576 1315 3643 eodiee
1336 3576 1379 3657 E;
1409 3577 1472 3641 sei·

192 3686 269 3751 lieet
290 3708 365 3750 eum
383 3686 495 3750 verbis
510 3685 561 3750 ed
576 3685 707 3750 Duebn.
730 3708 760 3772 p.
778 3687 851 3769 790,
867 3685 923 3750 22:
940 3689 1054 3771 μᾶλλον
1068 3687 1114 3748 ὅτι
1129 3683 1212 3749 haee
1227 3685 1473 3769 coniunguntur

190 3817 221 3881 p.
238 3794 312 3878 795,
327 3794 385 3857 29:
399 3786 572 3879 ἀφροδισίοις
587 3798 725 3880 χρῆσθαι,
748 3791 851 3856 verba
863 3804 970 3856 autem
983 3791 1104 3855 omissa
1115 3789 1248 3855 demum
1260 3791 1296 3853 in
1308 3790 1472 3878 prooemio

190 3899 211 3962 t
235 3900 294 3964 IV.
317 3900 404 3964 inter
426 3900 501 3981 801,
523 3900 568 3963 24
590 3898 768 3984 ποιήσοσθω
790 3912 824 3962 et
846 3909 906 3962 τῶν
930 3896 1094 3982 leguntur,
1126 3894 1243 3961 titulus
1272 3895 1472 3983 quaestionis

189 4008 323 4092 quintae
348 4006 424 4070 libri
446 4006 509 4070 III
532 4005 636 4071 deest:
669 4006 774 4090 prima
796 4016 906 4069 antem
930 4005 1030 4069 verba
1052 4005 1124 4069 eins
1146 4003 1346 4090 quaestionis
1369 4024 1471 4090 nsqoe

190 4112 234 4175 ad
258 4114 377 4195 isis
408 4117 622 4200 ὲπικεχοίρητοιι
656 4133 732 4175 eom
766 4113 955 4198 quaestione
985 4111 1044 4175 Ν
1074 4112 1327 4198 coniunguntur,
1362 4122 1473 4197 postes

190 4219 311 4283 laeuus
333 4220 492 4306 sequitur:
515 4217 614 4282 simili
639 4218 734 4281 modo
749 4218 847 4282 etiam
863 4217 978 4282 titulus
992 4217 1192 4304 quaestionis
1208 4228 1320 4282 sextae
1335 4215 1472 4289 deest¹).

189 4324 391 4390 Beinaebius
414 4325 558 4389 affirmat
580 4323 727 4389 eodirem
750 4335 899 4389 noenum
921 4322 1131 4412 apographon
1163 4322 1286 4390 eodieis
1316 4322 1470 4388 Vaticani

194 4433 259 4495 139
279 4454 360 4496 esse
383 4431 417 4515 (I
441 4431 461 4495 l
483 4431 578 4511 XL).

298 4537 492 4604 CXXVIII
516 4538 612 4601 Lanr.
635 4536 789 4621 LXXX,
822 4538 882 4613 13,
905 4560 930 4600 s.
960 4536 1066 4621 ΚΝ,
1096 4537 1242 4601 eontinet
1278 4536 1473 4623 ,proverbia

301 4882 321 4942 ι)
338 4880 392 4927 zu
410 4868 542 4929 tuder.
561 4886 613 4927 ose.
634 4877 654 4926 n
674 4893 700 4941 p.
719 4877 794 4926 ιω.
