3768 5866
174 567 232 638 [79]
526 594 567 634 on
589 594 761 637 rauriacm
782 596 941 639 ιιοιιιιιιιιι
965 598 1123 640 οοιιιοιιιιιι
1416 579 1457 642 37

286 784 445 850 Venimus
472 805 561 849 nunc
588 784 629 849 ad
657 783 792 850 alteram
816 786 960 871 corporis
984 785 1145 852 Planudei
1167 798 1293 876 partem
1316 799 1459 855 tractan-

174 890 262 956 dam.
286 890 574 958 Affirmaverimus
597 890 727 956 saeculo
750 891 829 956 XII.
853 890 907 957 vel
931 893 1028 958 XIII.
1052 905 1180 981 praeter
1202 917 1320 983 corpus
1345 895 1459 982 ,Ethi-

174 999 327 1064 corum“:
351 1022 374 1063 s.
400 1000 518 1064 1-21.
541 997 607 1063 alia
630 1000 725 1064 etiam
752 1021 887 1087 corpora
912 997 1126 1086 ,Moralium“
1153 1000 1263 1067 fuisse.

284 1110 319 1190 o)
334 1107 384 1170 Ac
395 1106 535 1191 primum
549 1104 681 1193 quidem
694 1103 828 1170 fuerunt
839 1104 978 1193 codices,
989 1108 1045 1194 qui
1058 1129 1082 1171 s.
1094 1108 1147 1172 22.
1158 1110 1264 1195 primo
1275 1108 1348 1175 loco
1359 1109 1457 1176 habc-

173 1224 257 1281 rent.
281 1211 375 1293 Quae
402 1211 563 1278 sententia
586 1233 624 1277 eo
648 1212 706 1276 niti
731 1222 845 1299 potest,
871 1213 959 1300 quod
988 1212 1117 1278 codices
1145 1235 1177 1278 ιι.
1202 1214 1291 1299 XII,
1319 1215 1457 1301 xxvls,

173 1319 375 1385 LXXXIII.
398 1317 615 1403 CLXXXII,
630 1318 746 1386 CCIX.
766 1341 786 1383 a
805 1319 926 1407 scripto
950 1321 1003 1385 22.
1018 1320 1189 1408 incipiunt
1206 1321 1395 1387 Verisimile
1409 1334 1459 1388 est

173 1426 407 1514 corpusculum
422 1424 494 1491 ilud
508 1426 573 1491 tria
594 1427 718 1514 scripta
740 1427 792 1492 22.
815 1427 868 1492 23.
891 1429 944 1492 24.
967 1426 1159 1511 (consolatio
1180 1428 1222 1493 ad
1238 1428 1457 1516 Apollonium,

173 1531 353 1599 consolatio
368 1536 407 1597 ad
432 1555 577 1617 uxorem,
600 1531 641 1598 de
657 1531 768 1620 exilio)
784 1535 992 1618 continuisse,
1009 1533 1102 1600 cuius
1118 1535 1167 1601 rei
1182 1537 1339 1621 optimum
1357 1535 1457 1602 docu-

160 1645 320 1706 'mentum
340 1639 498 1727 praebent
521 1639 662 1706 codices:
685 1663 717 1705 n.
740 1640 956 1725 CLXXXII,
979 1640 1083 1723 (ordot
1108 1643 1160 1706 22.
1184 1642 1237 1706 23.
1261 1643 1336 1728 24.),
1358 1665 1389 1708 n.
1413 1644 1456 1709 II.

172 1747 279 1829 (ordot
299 1749 352 1813 22.
368 1746 513 1835 23.)CCI.
527 1746 631 1825 (ordor
648 1748 700 1812 22.
712 1748 786 1832 23.),
802 1746 941 1815 XCVII.
956 1748 1062 1831 (ordo:
1080 1750 1132 1815 23.
1148 1749 1222 1836 24.),
1234 1760 1304 1813 tum
1317 1748 1455 1832 codices,

172 1854 340 1942 inquibus
352 1856 493 1940 vestigia
508 1855 628 1920 veteris
651 1852 741 1919 illius
756 1853 880 1919 ordinis
896 1867 1083 1920 servantur:
1099 1855 1243 1922 CXXX.
1257 1858 1366 1938 (24...
1383 1858 1456 1942 23.)

172 1962 318 2027 LXXX.
334 1963 399 2045 (22.
426 1963 479 2027 24.
489 1963 610 2046 ...23.),
626 1961 783 2030 XCVIII.
799 1962 1173 2048 (24...22.),cxx1x.
1196 1962 1262 2047 (22.
1279 1963 1456 2047 24....23.),

172 2069 364 2136 CLXXIX.
387 2070 452 2151 (22.
476 2070 528 2134 24.
545 2121 551 2133 .
569 2120 576 2134 .
593 2120 600 2133 .
616 2068 690 2155 23).
713 2069 821 2155 Atque
843 2091 896 2135 res
919 2069 991 2154 ipsa
1013 2069 1157 2134 maxime
1180 2069 1370 2135 verisimilis
1393 2081 1454 2136 est:

172 2198 251 2240 nam
275 2197 350 2241 cum
374 2198 475 2242 unum
507 2198 626 2263 corpus
649 2199 674 2240 s.
700 2178 817 2241 1-21.
849 2177 1018 2241 continens
1048 2177 1084 2240 in
1115 2174 1227 2240 multis
1259 2176 1455 2264 apographis

172 2305 317 2347 seorsum
343 2283 535 2370 traderetur,
558 2281 648 2349 aliud
672 2281 903 2371 corpusculum
925 2282 967 2348 ab
990 2281 1048 2347 illo
1071 2306 1096 2347 s.
1119 2284 1172 2348 22.
1188 2283 1383 2371 principium
1400 2306 1455 2349 ca-

172 2389 291 2477 piebat,
315 2391 409 2455 cuius
432 2390 479 2455 rei
496 2401 724 2477 argumentum
741 2388 899 2455 babemus
915 2391 949 2454 in
965 2389 1188 2455 vetustissimo
1205 2388 1326 2475 codice,
1341 2413 1373 2454 n.
1395 2390 1454 2455 IV.

172 2505 209 2579 (s.
229 2497 312 2582 XI),
334 2498 368 2562 in
392 2520 456 2584 quo
479 2520 503 2562 s.
534 2499 585 2562 21.
619 2498 838 2585 praemittitur
870 2498 991 2584 scripto
1021 2499 1073 2562 22.
1104 2496 1341 2585 Comprobatur
1372 2497 1454 2563 ratio

173 2603 231 2669 illa
253 2607 352 2670 etiam
375 2605 417 2669 iis
439 2604 609 2670 codicibus
632 2604 777 2691 corporis
799 2602 970 2689 Planudei‚
991 2604 1027 2669 in
1050 2604 1169 2691 quibus
1192 2601 1279 2669 idem
1303 2603 1382 2668 ordo
1398 2626 1455 2692 ap-

173 2722 265 2799 paret
287 2711 329 2777 cf.
349 2734 380 2777 ιι.
407 2712 442 2797 I,
462 2711 511 2798 V,
531 2711 665 2797 LXIV,
684 2711 844 2797 CLVIH,
859 2710 1043 2792 CXXVII,
1059 2711 1141 2797 LX,
1157 2710 1335 2776 LXXVII.
1358 2710 1454 2792 Quod

171 2821 219 2884 ita
240 2819 449 2907 interpretari
470 2841 652 2907 possumus,
677 2828 712 2882 ut
731 2818 897 2883 Maximus
920 2817 1085 2883 Planudes
1109 2817 1237 2905 corpori
1262 2818 1452 2884 Ethicorum

172 2925 262 2992 aliud
279 2925 519 3014 corpusculum,
541 2925 628 3013 quod
644 2948 664 2991 a
679 2949 703 2990 s.
724 2927 777 2990 22.
800 2924 986 3011 incipiebat,
1010 2924 1200 2991 adiunxisse
1222 2924 1388 3011 putandus
1404 2926 1454 2991 sit

171 3035 390 3104 Confirmatnr
412 3033 447 3098 id
470 3035 567 3100 etiam
591 3032 657 3098 illis
680 3030 858 3117 codicibus,
881 3034 915 3096 in
938 3030 1058 3119 quibus
1080 3030 1134 3097 vel
1157 3054 1181 3096 s.
1207 3032 1258 3096 22.
1274 3029 1329 3097 vel
1353 3055 1377 3096 s.
1401 3034 1454 3098 23.

171 3141 226 3208 vel
249 3165 274 3207 s.
297 3143 349 3207 24.
372 3142 503 3208 turbato
525 3140 641 3206 ordine
664 3162 828 3206 unacum
851 3137 926 3204 aliis
942 3139 1074 3224 scriptis
1096 3136 1284 3220 traduntur3
1308 3135 1363 3204 cla

282 3251 312 3329 1)
336 3270 360 3314 s.
384 3250 440 3318 22.
463 3249 498 3313 in
522 3270 552 3312 n.
576 3246 644 3333 IV,
668 3248 756 3332 XII,
779 3247 886 3329 XIII,
909 3245 1049 3331 XXVI,
1071 3245 1189 3329 LXH,
1216 3244 1350 3329 LXIV,
1373 3244 1453 3330 XC,

171 3356 270 3443 XCI,
294 3355 424 3441 XCVI,
448 3355 583 3440 cxffl,
605 3355 714 3437 CLX,
737 3352 916 3437 CLXXV,
940 3351 1055 3419 CCIX.

279 3465 311 3545 2)
335 3486 360 3528 s.
384 3462 439 3531 23.
463 3464 496 3526 in
519 3485 551 3527 n.
574 3462 646 3547 HL,
669 3461 805 3541 XLIH..
828 3460 965 3528 CLXX.

278 3573 311 3651 3)
335 3593 359 3634 s.
383 3570 441 3638 24.
465 3570 498 3634 in
522 3592 553 3633 n.
577 3568 658 3654 CX,
680 3567 876 3636 CXXXIX.
900 3564 1126 3635 CLXXXIII.

278 3679 309 3762 b)
331 3677 415 3741 Tum
439 3686 533 3742 erant
555 3675 686 3742 codices
709 3697 729 3739 a
752 3697 776 3739 s.
803 3675 855 3739 31.
878 3672 1082 3755 inchoantes,
1106 3672 1162 3758 qui
1185 3671 1314 3736 varium
1338 3693 1452 3736 nume-

170 3807 244 3849 rum
261 3782 420 3849 librorum
444 3782 666 3849 continebant:
690 3782 732 3847 cf.
748 3804 779 3846 n.
806 3780 850 3846 II.
874 3780 1032 3867 (continet
1048 3780 1090 3844 36
1113 3778 1247 3865 scripta:
1263 3779 1307 3843 26
1330 3777 1452 3864 scripta

170 3890 335 3957 secundae
357 3891 470 3977 partis,
493 3888 614 3953 additis
637 3911 662 3953 s.
685 3890 716 3953 4.
739 3888 769 3954 5.
792 3899 825 3953 et
848 3886 1003 3973 70-77.)
1025 3896 1058 3951 et
1079 3884 1264 3950 LXXXII.
1295 3885 1452 3964 (continet

169 3998 213 4064 38
237 3999 372 4084 scripta:
396 3997 538 4063 31-53.
561 4008 593 4061 et
616 3995 779 4077 55-69.).
811 3994 1030 4061 Confirmatur
1052 3991 1087 4057 id
1110 3993 1207 4057 etiam
1232 3989 1338 4056 tribus
1362 3990 1452 4056 codi-

169 4104 273 4188 cibus,
296 4103 351 4169 ubi
375 4127 400 4168 s.
424 4104 486 4188 31,
509 4101 738 4190 acorpusculo
761 4124 820 4166 suo
843 4099 1053 4183 disiunctum,
1069 4119 1215 4164 seorsum
1231 4095 1385 4179 traditum
1409 4095 1450 4161 cf.

169 4235 200 4277 n.
224 4211 366 4295 CLXV,
389 4209 585 4293 CLXXIV,
608 4209 774 4277 CCXXV.

277 4322 307 4404 c)
329 4317 460 4383 Deinde
483 4317 573 4383 alind
597 4314 825 4404 corpusculum
843 4314 965 4402 scripta
984 4315 1126 4380 40-42.
1142 4324 1174 4377 et
1188 4311 1331 4376 44-50.
1348 4310 1452 4375 conti-

169 4448 251 4492 nens
266 4427 332 4491 iam
349 4423 620 4489 Wilamowitzius
636 4423 800 4488 exstitisse
812 4420 997 4486 affirmavit
1013 4420 1097 4487 Sunt
1111 4419 1221 4483 omnia
1235 4415 1317 4482 baec
1329 4417 1451 4505 scripta

168 4526 328 4620 epitomae
352 4529 619 4597 Plutarcbeorum
651 4528 809 4595 librorum
832 4549 872 4593 ao
894 4538 1065 4615 propterea
1087 4524 1159 4590 fieri
1182 4524 1296 4610 potnit,
1325 4533 1363 4588 ut
1385 4545 1450 4587 uno

169 4637 364 4728 corpusculo
387 4647 607 4703 servarentur.
629 4635 738 4717 Quam
754 4658 822 4701 rem
839 4634 955 4698 ordine
970 4633 1120 4699 codicum
1136 4631 1361 4695 demonstrare
1377 4652 1450 4717 pos-

169 4768 292 4825 sumus,
318 4746 492 4832 praecipue
513 4743 629 4809 ordine
660 4765 690 4806 n.
713 4741 816 4809 XCV.
838 4746 876 4822 (s.
898 4740 1067 4825 44-50.);
1090 4736 1249 4803 accedant
1270 4759 1301 4801 n.
1331 4735 1450 4822 LXII,

168 4851 281 4938 cvn,
304 4851 348 4917 ιι.
372 4851 464 4938 (0140
494 4852 547 4916 46.
570 4852 623 4916 ιι.
646 4852 699 4914 41.
721 4849 824 4914 ιι...
846 4849 899 4912 44.
927 4847 980 4911 49.
1002 4846 1103 4911 so...
1126 4845 1179 4910 40.
1202 4843 1278 4929 ιιι,
1304 4842 1448 4908 nxxx.
