3768 5866
292 486 298 497 ·
420 454 443 518 4
954 470 1064 513 vrcros
1082 470 1167 512 sams
1648 440 1708 513 [4⁶]

421 663 651 748 bibliothecas,
685 664 721 727 in
754 660 875 749 quibus
910 659 1059 726 collocati
1095 670 1180 745 sunt,
1214 680 1452 743 enumeremus,
1485 679 1556 724 rem
1594 668 1706 723 eutem

421 793 441 836 a
464 770 633 837 codicibus
655 769 815 836 Parisinis
845 768 1041 855 incipiemus
1052 768 1085 854 ¹).
1108 766 1277 832 Monemns
1300 766 1398 831 stiam
1422 763 1560 831 Moralia
1581 766 1623 829 iis
1642 786 1707 829 nu-

420 878 520 944 meris
544 900 564 943 a
586 876 681 942 nohis
707 874 895 961 significari,
910 874 1030 961 quihus
1045 874 1080 937 in
1096 871 1210 938 codice
1226 872 1375 938 Parisino
1389 870 1518 939 Gracco
1540 894 1590 937 nr.
1615 871 1705 938 1672

420 985 476 1072 (E)
490 987 688 1065 notantur2).

828 1180 851 1248 1.
876 1175 1072 1249 Codices
1098 1176 1296 1247 parisini.

529 1303 731 1370 Bibliotheca
757 1303 906 1369 Parisins
937 1300 1111 1367 nationalis
1134 1301 1278 1367 continet
1307 1301 1351 1367 58
1375 1300 1505 1366 codices
1528 1299 1707 1366 Moralium

422 1411 601 1497 Plutarchi,
628 1411 742 1498 quiin
765 1421 856 1475 textu
888 1407 1088 1493 recensendo
1119 1430 1185 1473 non
1215 1407 1330 1474 eadem
1361 1408 1552 1473 auctoritate
1582 1410 1706 1491 sunt⁸).

421 1518 638 1587 collationem
662 1516 879 1605 complurium
903 1515 1054 1582 codicum
1070 1515 1162 1581 dedit
1177 1514 1301 1582 Contus
1316 1538 1344 1579 a.
1362 1515 1592 1599 1821-1823,
1607 1516 1707 1580 ouius

423 1625 563 1713 collatio,
597 1646 794 1712 quamquam
817 1622 988 1709 laboriosa,
1023 1623 1158 1689 minime
1187 1633 1296 1688 tamen
1327 1631 1481 1687 accumta
1510 1632 1568 1705 est,
1601 1642 1707 1709 qnare

422 1733 609 1800 cautissime
632 1730 821 1818 usurpanda
851 1742 907 1797 est
945 1730 1060 1818 „conti
1090 1729 1285 1797 Plutarchus
1316 1728 1455 1796 collatus
1486 1728 1509 1794 f.
1534 1727 1648 1817 quadr.
1671 1751 1708 1793 n.

421 1839 618 1908 396-398“
651 1839 686 1902 in
710 1836 945 1925 supplementis
975 1835 1192 1903 bibliothecae
1221 1835 1392 1901 Parisinus
1422 1835 1610 1920 collocatus,
1640 1836 1709 1900 tria

422 1945 591 2012 volumina
624 1945 777 2030 continet,
811 1966 950 2031 quorum
985 1945 1127 2030 primum
1151 1954 1184 2009 et
1215 1942 1396 2009 secundum
1419 1942 1541 2009 habent
1557 1941 1709 2008 collatio-

421 2076 497 2120 nem
520 2052 680 2136 codicum⁷
702 2052 836 2117 tertium
859 2062 968 2116 autem
990 2051 1062 2137 ipse
1084 2050 1207 2118 Oontus
1233 2048 1529 2138 „compulsionem“
1548 2060 1652 2135 vocat,
1668 2049 1707 2114 in

421 2182 486 2248 qua
508 2160 551 2225 ad
574 2158 705 2245 singula
728 2159 850 2245 scripta
871 2157 1004 2242 farrago
1026 2156 1203 2222 lectionum
1231 2155 1358 2242 digesta
1380 2157 1555 2222 inuenitur.
1578 2156 1631 2221 De
1646 2177 1707 2244 ap-

420 2277 537 2354 paratu
559 2265 617 2331 illo
647 2266 694 2331 ita
716 2264 841 2329 iudicat
868 2263 1078 2328 Duehnerus:
1112 2262 1268 2348 „Codices
1299 2262 1496 2347 Plutarchei7
1529 2285 1611 2350 quos
1633 2262 1710 2327 the-

422 2396 539 2439 saurus
561 2372 618 2438 ille
641 2371 752 2436 condit
777 2393 895 2457 magno
917 2392 1062 2455 numero,
1085 2392 1104 2434 a
1127 2369 1255 2437 Graeco
1271 2369 1401 2436 homine
1424 2392 1499 2434 oum
1523 2369 1710 2436 Reiskiana

422 2480 564 2546 editione
587 2478 696 2544 collati
720 2478 853 2544 fuerunt
868 2499 990 2561 omnes,
1011 2499 1076 2541 non
1096 2476 1242 2564 perfecta
1256 2476 1388 2565 quidem
1405 2478 1622 2562 assumtione,
1645 2476 1709 2543 sed

421 2586 525 2652 multo
548 2598 635 2651 certe
658 2585 775 2651 melius
798 2583 856 2649 ille
877 2606 949 2649 rem
964 2583 1216 2668 administravit,
1239 2607 1337 2671 quam
1352 2584 1376 2648 ii
1399 2582 1517 2671 quibus
1550 2584 1713 2674 Wytten-

421 2694 574 2761 bachiani
592 2693 689 2757 amici
710 2691 796 2756 idem
816 2691 984 2778 negotium
1004 2690 1350 2773 demandaverunt“⁴).
1364 2691 1505 2757 Treuius
1520 2701 1630 2756 autem
1653 2689 1711 2754 af-

421 2802 530 2867 firmat
552 2798 691 2866 Oontum
718 2820 808 2885 „eam
840 2798 888 2862 rei
923 2798 1055 2863 criticae
1083 2795 1287 2863 facticandae
1316 2799 1476 2863 rationem
1504 2797 1711 2883 adhibuisse,

420 2930 503 2996 qnae
518 2907 753 2972 recentioribus
769 2906 849 2969 artis
861 2905 1043 2992 praeceptis
1056 2905 1190 2969 minime
1202 2903 1430 2992 responderet“
1443 2908 1476 2986 ὅ).
1491 2905 1521 2970 Ε
1533 2903 1711 2970 codicibus

421 3013 581 3078 Parisinis
603 3011 791 3098 gravissimi
815 3020 891 3075 sunt
912 3009 960 3074 hi:

529 3121 554 3186 I.
580 3122 618 3203 A,
641 3141 691 3183 nr.
725 3119 819 3193 1671,
854 3119 995 3204 scriptus
1025 3140 1111 3183 anno
1145 3120 1230 3183 1296
1240 3123 1274 3203 ⁶),
1309 3120 1452 3183 continet
1481 3119 1576 3183 Vitas
1606 3129 1713 3206 atque

421 3226 560 3294 Moralia
585 3228 693 3291 1-69
716 3223 830 3290 eodem
857 3223 972 3291 ordine
995 3237 1092 3311 atque
1108 3225 1212 3290 codex
1236 3226 1307 3310 13⁷).
1330 3226 1436 3307 Quem
1454 3224 1599 3291 codicem
1620 3224 1713 3290 ebi-

421 3333 583 3400 bliotheca
606 3333 739 3397 Ioannis
763 3331 914 3397 Lascaris
938 3342 969 3396 et
992 3330 1123 3397 Ridolfli
1147 3353 1297 3396 manasse
1320 3334 1360 3396 Κ.
1384 3333 1425 3397 K.
1446 3331 1624 3398 Muellerus
1649 3331 1712 3398 de-

422 3440 658 3525 monstravit⁸).
682 3438 819 3504 Moralia
840 3437 967 3503 duabus
984 3437 1144 3502 columnis
1161 3450 1302 3524 exarata,
1318 3438 1359 3503 ab
1376 3461 1441 3503 una
1458 3462 1557 3503 manu
1573 3440 1711 3527 scripte,

421 3546 516 3613 Vitas
538 3556 726 3633 sequuntur,
743 3545 801 3611 sed
817 3568 836 3609 a
851 3544 1031 3611 Moralibus
1048 3546 1162 3631 incipit
1178 3568 1264 3610 nova
1288 3548 1483 3633 computatio
1500 3547 1712 3634 paginarum.

424 3711 637 3719 .-..--.-.------.

529 3762 550 3827 ¹)
569 3763 608 3811 De
628 3761 760 3827 catalogis
779 3760 901 3812 codicum
914 3761 948 3812 cf.
963 3762 1105 3825 praecipue
1118 3762 1150 3810 V.
1164 3760 1422 3812 Gardthausen:
1443 3762 1634 3828 Sammlungeu
1650 3763 1713 3814 und

422 3851 552 3916 Cataloge
570 3849 752 3916 griechischer
771 3849 989 3900 Hsudschriiteu.
1010 3850 1121 3915 Leipzig
1141 3848 1217 3902 1903.

531 3936 551 4003 ¹)
569 3939 610 3989 Cf.
630 3938 751 3989 tabulam
771 3940 892 4004 primam.

530 4024 610 4093 ⁸)De
630 4027 761 4092 catalogis
781 4027 901 4078 codicum
920 4029 954 4078 cl.
974 4028 1118 4091 praecipue
1137 4026 1232 4078 librum
1252 4029 1282 4078 V.
1302 4028 1506 4079 Gardthauseni.

529 4116 550 4180 ⁴)
571 4119 600 4167 L.
619 4113 637 4168 l.
657 4117 741 4181 praei
762 4117 813 4169 vol.
832 4116 880 4167 111.
900 4133 925 4181 p.
945 4115 969 4169 2.
1079 4113 1099 4181 ὅ)
1118 4118 1157 4166 De
1176 4116 1312 4167 codicibus
1331 4124 1382 4167 stc.
1401 4133 1426 4181 p.
1448 4116 1489 4170 17.

531 4203 610 4271 ⁸)Ci.
630 4205 757 4256 Treuim:
776 4206 829 4255 Zur
847 4194 978 4257 Uberiisi.
997 4213 1048 4256 etc.
1068 4207 1088 4256 l.
1109 4221 1134 4270 p.
1154 4206 1213 4255 Vll.

532 4292 550 4362 ἲ)
569 4295 613 4346 Sic
631 4295 688 4344 iam
706 4293 933 4357 Wyttenbachius
952 4295 1047 4343 statuit
1065 4294 1082 4344 l.
1103 4294 1119 4343 i.
1140 4296 1159 4343 1.
1181 4292 1204 4356 1,
1225 4310 1248 4359 p.
1269 4295 1382 4359 uxxl13
1401 4296 1547 4347 Muellerus
1558 4312 1613 4348 non
1633 4306 1712 4351 recte

422 4384 570 4437 affirmavit
588 4384 708 4435 codicem
727 4385 750 4432 A
769 4382 852 4432 elium
878 4382 998 4432 ordinem
1022 4389 1103 4448 etque
1128 4381 1246 4433 codicem
1265 4384 1289 4433 E
1306 4381 1407 4434 habere
1431 4384 1459 4448 (Ι.
1478 4384 1496 4434 l.
1516 4401 1541 4449 p.
1561 4384 1587 4448 δ,
1605 4384 1632 4449 8,
1653 4386 1712 4455 12).

529 4470 551 4539 ’)
570 4472 750 4524 Centralblatt
769 4473 813 4521 ihr
830 4471 1087 4522 Bibliothelrsweseu
1108 4468 1185 4529 1884,
1200 4472 1220 4523 1.
1239 4469 1299 4524 408.
1319 4469 1394 4537 (πίναξ
1413 4472 1461 4522 τῶν
1479 4470 1576 4540 βιβλίων
1593 4477 1636 4525 τοῦ
1657 4476 1713 4526 Λα-

423 4559 549 4629 σκᾶρεως).
569 4564 609 4614 cf.
629 4562 711 4612 etiarn
733 4563 753 4611 P
771 4561 804 4611 ds
823 4560 983 4611 Nolhscium
1001 4558 1040 4629 (in
1058 4559 1195 4626 Meleager
1215 4560 1247 4610 de
1263 4544 1363 4611 l'llcole
1376 4562 1409 4612 de
1423 4563 1512 4625 Rome,
1532 4562 1612 4629 1886,
1624 4571 1643 4616 t.
1658 4565 1711 4629 Vl,

423 4668 448 4702 u.
468 4650 515 4717 27)
533 4658 560 4702 et
578 4652 756 4704 Rsinschium
776 4651 937 4717 (Plutarque.
968 4651 1008 4699 De
1028 4650 1055 4700 le
1073 4649 1203 4715 musique.
1230 4646 1288 4715 llspi
1311 4654 1430 4718 μουσικῆς.
1456 4637 1564 4704 Mdition
1589 4655 1715 4722 ortuque

423 4746 450 4790 et
469 4741 630 4806 explicative
649 4756 699 4805 par
718 4741 744 4790 Η
764 4739 833 4790 Weil
853 4748 882 4791 et
899 4738 940 4789 Th
961 4738 1087 4790 Psinach.
1107 4738 1184 4789 Paris
1204 4736 1282 4801 1900,
1301 4755 1325 4803 p.
1345 4740 1468 4791 mlx.
1488 4741 1524 4804 ἱ.)
