3768 5866
217 1619 305 1721 De
339 1617 642 1720 Plutarchi
680 1620 1004 1720 Moralium
1042 1619 1372 1722 codicibus

423 1762 830 1886 quaestiones
866 1763 1162 1864 selectae.

732 1962 846 2029 saepae

600 2085 778 2174 Victor
811 2085 979 2173 l·lahn.

711 2281 871 2297 ΜΝ

256 2425 464 2512 Quamquam
488 2423 584 2490 multi
606 2425 674 2488 iam
696 2425 762 2490 viri
784 2424 872 2490 docti
902 2425 938 2490 in
964 2423 1132 2491 Plutarchi
1163 2445 1246 2511 quae
1277 2422 1436 2490 dicuntur

148 2530 330 2597 Moralibus
351 2529 561 2598 recensendis
584 2541 716 2598 strenue
737 2531 861 2598 versati
887 2541 972 2616 sunt,
1002 2540 1113 2596 tamen
1137 2530 1308 2617 hucusque
1326 2551 1432 2618 neque

148 2636 323 2705 editionem
340 2638 499 2719 criticam,
514 2660 599 2725 quae
613 2659 653 2704 eo
668 2638 799 2703 nomine
815 2636 915 2725 digna
931 2638 982 2724 sit,
996 2659 1103 2725 neque
1117 2637 1261 2723 ipsorum
1280 2636 1431 2702 codicum

146 2743 280 2833 plenam
303 2755 553 2833 accuratamque
567 2744 817 2832 descriptionem
833 2743 1001 2810 habemus.
1024 2743 1164 2811 Omissis
1179 2744 1347 2810 veteribus
1362 2741 1432 2808 edi-

147 2850 302 2937 tionibus,
331 2873 415 2939 quae
437 2873 497 2916 suo
519 2849 653 2938 quidem
674 2861 821 2938 tempore
843 2849 968 2938 aliquid
990 2849 1156 2937 valebant,
1178 2850 1299 2915 nostris
1321 2860 1432 2915 tamen

147 2957 350 3045 temporibus
373 2957 508 3022 minoris
531 2958 686 3023 momenti
703 2968 779 3023 sunt
789 2961 823 3042 ¹),
845 2956 880 3021 in
894 2956 1055 3024 iudicium
1071 2957 1264 3024 vocabimus
1279 2966 1432 3043 quattuor

149 3063 318 3150 editiones,
341 3064 682 3154 Wyttenbachiansm‚
705 3062 982 3150 Duebnerianam
997 3062 1266 3148 Hercherianam,
1291 3064 1432 3128 Bernar-

148 3170 334 3256 dakianam,
349 3171 384 3235 in
407 3170 526 3257 quibus
549 3168 584 3234 id
606 3168 861 3256 vituperandum
883 3180 941 3255 est,
964 3168 1051 3256 quod
1072 3180 1164 3236 recta
1178 3168 1354 3235 collatione
1377 3190 1433 3234 co-

148 3277 261 3343 dicum
285 3277 457 3343 destitntae
480 3287 564 3342 sunt.
587 3277 637 3343 Ae
658 3277 800 3364 primum
817 3275 916 3341 editio
939 3276 1189 3365 Wytteubachii
1212 3276 1341 3343 etiamsi
1364 3274 1431 3341 col-

148 3384 326 3451 lationibus
340 3384 517 3449 multorum
534 3383 685 3449 codicum
701 3383 825 3467 nititur,
841 3393 950 3448 tamen
966 3383 1111 3447 maxima
1126 3382 1338 3448 collationum
1353 3404 1432 3469 pars

149 3513 215 3557 uon
238 3513 258 3555 a
281 3490 537 3580 wyttenbachio
559 3491 639 3578 ipso,
662 3490 719 3555 sed
739 3491 780 3556 ab
797 3488 870 3554 aliis
885 3488 1113 3576 neglegentius
1137 3488 1225 3556 facta
1247 3490 1340 3577 θεῖ’).
1363 3490 1431 3554 De-

148 3597 227 3665 inde
249 3598 448 3665 Duebnerus
469 3598 606 3663 minime
628 3609 783 3662 accurata
797 3595 891 3663 (lonti
908 3595 1091 3681 collatione,
1113 3618 1211 3683 quam
1234 3596 1292 3662 ille
1314 3618 1357 3661 ex
1376 3617 1430 3661 co-

150 3703 280 3771 dicibus
302 3705 462 3770 Parisinis
485 3705 617 3790 iecerat,
640 3727 719 3770 usus
743 3703 837 3791 esst).
882 3703 966 3769 Tum
994 3702 1164 3769 Herchero
1199 3725 1265 3768 non
1289 3701 1430 3789 contigit

258 3958 278 4020 ¹)
296 3956 338 4007 cl.
352 3955 385 4007 de
398 3956 515 4007 editione
528 3956 629 4007 Aldina
638 3952 671 4023 (a.
686 3953 775 4021 1509),
788 3955 937 4005 Basileensi
949 3953 984 4019 (a.
998 3951 1087 4022 1542),
1100 3953 1284 4018 Stephaniana
1297 3956 1333 4016 (a.
1347 3951 1430 4019 1579)

147 4045 307 4111 Xylandrea
323 4042 359 4111 (a.
379 4043 458 4110 1570,
477 4042 556 4109 1578,
576 4043 664 4111 1571),
682 4045 769 4095 tribus
787 4044 950 4095 editionibus
969 4040 1430 4111 Graeco-Latiniala1599,1620‚

149 4130 238 4201 leat),
266 4134 422 4199 Reiskiane,
450 4134 619 4185 Huttsniaua
646 4133 833 4183 adnotationes
861 4130 1064 4197 Wyttenhachii
1091 4133 1119 4182 in
1147 4131 1263 4182 editione
1287 4132 1430 4183 Moralium

149 4220 258 4293 (Oxou.)
275 4223 328 4275 vol.
347 4219 367 4275 l.
387 4223 563 4288 praelationis
582 4238 607 4287 p.
626 4219 728 4291 78)195
745 4221 854 4287 passim.
874 4222 915 4271 De
933 4220 1049 4272 editione
1068 4220 1216 4272 Rsiskiana
1227 4221 1263 4270 ci.
1277 4221 1360 4272 etiarn
1373 4222 1430 4272 wl-

148 4311 354 4363 lamosritainm:
374 4311 488 4361 Hermes
506 4311 590 4362 XXV.
608 4309 670 4375 200,
688 4310 749 4364 908.

255 4396 276 4466 ’)
295 4399 434 4451 Plutarchi
451 4400 575 4465 Masalia,
587 4400 615 4451 id
627 4407 669 4451 est
684 4415 765 4464 opera
778 4400 896 4464 exceptis
917 4400 988 4450 Vitis
1001 4398 1112 4464 reliqua.
1133 4399 1229 4450 Oxonii
1243 4396 1422 4453 1795-1880

147 4489 258 4554 Lipsiae
277 4486 462 4542 ulle-1834.
481 4489 522 4541 (ll.
542 4489 575 4539 de
593 4489 710 4539 editione
727 4488 778 4538 illa
795 4489 990 4553 praelationem
1008 4487 1186 4539 Bemardskii
1204 4488 1232 4538 in
1251 4488 1337 4553 primo
1354 4488 1430 4540 volu·

148 4578 221 4629 nine
239 4578 390 4630 Moralium.
409 4578 521 4643 Lipsiae
541 4574 618 4630 1888.
637 4579 657 4628 1.
676 4593 702 4642 p.
720 4577 829 4628 V-Vl.

256 4664 278 4733 ¹)
295 4665 434 4718 Plutarchi
452 4667 555 4732 scripta
572 4667 688 4718 Moralia
705 4667 860 4718 emendavit
877 4667 1036 4717 Fredericus
1060 4667 1193 4718 Dnebnar.
1222 4666 1332 4717 Parisiis
1352 4664 1429 4719 1841.

147 4754 298 4824 (Plutarchi
316 4771 425 4822 opernm
444 4755 570 4809 volumen
589 4758 637 4807 111.
657 4762 685 4807 et
701 4754 768 4825 itt).
786 4755 827 4807 01.
847 4756 1029 4808 recensionem
1042 4755 1125 4806 Keilii
1136 4756 1183 4821 (JJ
1194 4756 1294 4821 XXXI,
1312 4753 1430 4821 85-89)

147 4850 175 4897 et
192 4843 372 4897 Bernardakii
390 4844 408 4895 l.
427 4844 444 4894 l.
463 4860 490 4910 p.
508 4842 638 4896 vl-vu.

1398 4953 1430 5005 1*
