3768 5866
496 523 537 562 Μ
560 522 730 564 sumendus
754 522 913 565 uossntuu
935 524 1094 565 fflDlClBUS

769 912 813 977 11,

483 1060 558 1147 De
593 1061 866 1149 Moralium
900 1063 1098 1149 ordine.

257 1245 354 1328 Quod
375 1247 417 1312 sd
440 1248 589 1315 ordinem
611 1249 785 1316 Moralium
809 1251 933 1336 attinet,
956 1273 1061 1338 pauca
1076 1261 1202 1317 tantum
1218 1250 1326 1317 sdbuc
1349 1251 1431 1317 scri-

149 1361 206 1435 pta
228 1364 312 1418 sunt

166 1514 169 1520 .
256 1459 367 1527 Prims
389 1465 433 1530 69
456 1463 602 1551 Moralia,
625 1488 709 1553 quse
724 1466 759 1530 in
776 1464 945 1532 codicibus
960 1466 1144 1552 traduntur,
1160 1487 1180 1530 a
1195 1467 1340 1531 Maximo
1355 1465 1431 1531 Ple·

150 1564 238 1631 nude
260 1568 294 1632 in
318 1591 430 1656 corpus
453 1571 657 1656 Plcnudeum,
680 1594 700 1637 a
722 1573 842 1639 Treuio
864 1572 926 1638 hoc
949 1574 1081 1638 nomine
1103 1572 1333 1658 significatum,
1355 1571 1430 1638 red-

150 1684 224 1736 acte
247 1696 318 1740 esse
341 1689 476 1743 constet.
499 1676 564 1746 Sed
587 1678 748 1766 quomodo
771 1678 851 1744 ordo
875 1680 1020 1767 corporis
1054 1677 1228 1745 Moralium
1258 1690 1349 1743 ortus
1379 1679 1430 1761 sit,

149 1777 244 1845 nobis
282 1784 360 1848 setis
398 1784 574 1850 obscurum
604 1797 663 1871 cst,
693 1787 813 1874 quippe
836 1807 919 1873 quae
942 1807 1004 1870 res,
1036 1796 1192 1873 utsupra
1215 1784 1368 1865 diximus,
1399 1798 1431 1849 et

148 1890 282 1953 tractari
305 1900 431 1957 tentum
453 1904 577 1979 coepta,
600 1915 705 1981 neque
728 1894 807 1958 setis
830 1891 927 1979 plane
950 1893 1081 1978 cognita
1104 1892 1155 1957 sit
1178 1891 1263 1957 Nem
1288 1892 1430 1980 primum

147 2013 191 2057 ex
221 1993 381 2062 librorum
411 2000 504 2065 vario
534 2000 650 2065 ordine
678 2011 747 2065 tota
778 2000 923 2086 quaestio
954 1997 1073 2064 clarior
1100 1998 1207 2064 videri
1230 2009 1344 2086 potest,
1365 2021 1430 2086 qna

149 2099 183 2162 in
206 2122 243 2166 rc
266 2103 368 2170 multo
398 2107 502 2171 maior
532 2129 688 2173 numerus
720 2105 867 2171 codicum
892 2128 912 2170 s
935 2105 1030 2171 nobis
1053 2127 1150 2192 quam
1173 2104 1216 2170 ab
1239 2103 1313 2170 aliis
1337 2103 1430 2170 adbi-

149 2204 236 2272 bitus
270 2221 328 2276 est
350 2212 436 2276 Tum
470 2235 535 2278 non
570 2214 649 2278 setis
683 2210 987 2278 animadverterunt
1016 2212 1079 2277 viri
1108 2211 1205 2296 docti,
1236 2211 1356 2299 quibus
1387 2210 1429 2275 ab

148 2310 244 2380 libris
267 2318 352 2383 varii
376 2318 506 2386 codices
528 2321 698 2407 incipiant
720 2341 803 2408 quse
825 2341 878 2386 rea
909 2319 1045 2384 maximi
1075 2319 1230 2384 momenti
1261 2329 1323 2401 cst3
1360 2328 1430 2384 tum

150 2419 203 2485 vel
226 2422 262 2487 in
285 2426 387 2490 variis
410 2426 579 2494 codicibus
594 2426 682 2493 idem
698 2426 783 2492 liber
797 2448 1029 2514 nonnunquam
1047 2426 1213 2515 repetitur,
1229 2424 1283 2491 vel
1299 2425 1333 2490 in
1349 2447 1430 2489 non·

148 2527 250 2594 nullis
272 2531 441 2598 codicibus
465 2545 590 2599 tentum
614 2556 690 2620 pers
712 2533 871 2599 librorum
887 2534 1010 2619 scripta
1025 2545 1083 2599 est
1106 2532 1258 2620 Denique
1274 2530 1431 2597 nonnulla

146 2636 272 2723 scripta
289 2639 356 2703 ism
379 2639 507 2727 pridem
522 2639 699 2727 florilegiis,
715 2640 845 2726 scriptis
865 2650 898 2706 ct
920 2638 1085 2706 historicis
1108 2650 1141 2705 et
1162 2637 1430 2727 philosophorum

144 2753 180 2806 et
202 2746 402 2811 musicorum
425 2745 628 2835 aliorumque
651 2747 900 2814 continebantur
922 2746 975 2812 vel
999 2769 1145 2811 seorsum
1167 2746 1358 2813 edebantur.

255 2853 330 2933 Quo
352 2852 528 2919 dilucidior
551 2877 603 2920 res
625 2865 693 2919 tota
716 2865 809 2940 esset,
832 2854 867 2917 in
883 2852 996 2919 tabule
1011 2853 1117 2940 prima
1131 2875 1244 2919 omnes
1259 2853 1430 2937 graviores

146 2957 278 3024 codices
301 2982 339 3024 eo
362 2958 458 3027 modo
480 2961 601 3045 notavi,
625 2972 659 3026 nt
682 2962 716 3025 in
740 2961 848 3049 prima
869 2959 957 3026 lines
980 2959 1060 3025 ordo
1094 2959 1218 3025 codicis
1252 2958 1291 3043 E,
1325 2959 1360 3024 in
1380 2980 1431 3024 se·

140 3066 322 3149 questibus
355 3066 435 3133 ordo
469 3067 607 3133 aliorum
646 3067 795 3133 codicum
831 3077 1055 3155 apponeretur.
1086 3067 1157 3131 Iam
1185 3065 1221 3131 B.
1252 3063 1430 3131 Muellerus

146 3169 290 3237 similem
312 3172 457 3239 tabulam
481 3173 639 3261 praebuit,
661 3196 744 3261 quae
767 3195 872 3260 neque
887 3183 1041 3238 accurata
1064 3182 1160 3238 estet
1175 3170 1286 3237 multis
1302 3171 1430 3236 mendis

147 3275 319 3359 foedatur3
342 3290 379 3345 ut
401 3280 588 3368 exemplum
612 3280 795 3363 afferamus,
819 3277 902 3344 falso
925 3279 1100 3365 exscripsit
1127 3277 1317 3342 memoriam
1341 3276 1430 3342 codi-

145 3383 197 3447 cis
219 3384 259 3467 A,
290 3408 365 3451 cum
390 3386 534 3452 traderet
555 3387 627 3452 cius
650 3385 774 3451 codicis
797 3384 898 3450 alium
922 3406 993 3449 esse
1015 3383 1163 3449 ordinem
1187 3393 1283 3470 etque
1306 3383 1430 3450 codicis

146 3490 189 3571 Εἷς
212 3513 249 3556 re
271 3514 352 3557 vers
374 3494 463 3559 enim
474 3494 506 3558 hi
520 3492 649 3559 codices
672 3491 811 3558 eundem
831 3490 979 3557 ordinem
995 3489 1118 3556 babent
1140 3488 1196 3573 (cf.
1216 3512 1316 3577 supra
1341 3512 1371 3578 p.
1387 3494 1430 3575 4).

145 3596 232 3661 Tum
256 3598 436 3665 Muellerus
459 3600 492 3664 in
517 3597 731 3665 exscribendo
754 3598 867 3661 ordine
890 3596 1029 3662 aliorum
1045 3595 1197 3661 codicum
1213 3596 1360 3662 ordinem
1375 3618 1430 3662 co-

145 3704 231 3769 dicis
254 3705 284 3770 E
307 3729 372 3770 non
395 3707 547 3792 respexit,
577 3728 642 3792 qua
672 3726 708 3769 rc
738 3702 964 3769 confusionem
994 3703 1158 3791 quandam
1191 3725 1269 3768 snae
1299 3701 1430 3767 tabulae

146 3810 265 3877 attulit
297 3812 448 3899 Denique
471 3814 506 3876 in
530 3810 641 3877 tabule
664 3822 790 3876 tantum
813 3811 957 3898 quinque
988 3809 1119 3876 codices
1150 3810 1323 3894 recensuit,
1354 3831 1430 3875 cum

146 3918 181 3982 in
205 3929 317 3983 nostra
339 3919 451 3984 tabule
473 3917 584 4005 plures
613 3916 688 3983 libri
719 3917 807 4004 iique
840 3917 972 3981 maioris
1003 3916 1159 3982 momenti
1188 3927 1430 3982 enumerentur.

145 4024 303 4090 Omnium
329 4047 407 4091 vero
431 4023 579 4089 codicum
604 4022 752 4088 ordinem
776 4022 893 4087 afferre
916 4044 1202 4111 supervacaneum
1225 4021 1315 4087 duxi.

256 4131 322 4211 Qui
345 4130 424 4195 ordo
447 4132 482 4194 in
505 4130 649 4215 vulgatis
672 4127 871 4194 editionibus
886 4127 1016 4213 legitur,
1032 4127 1127 4194 nobis
1143 4151 1163 4194 a
1178 4128 1349 4194 codicibus
1364 4151 1430 4193 non

146 4236 290 4302 traditus
312 4248 370 4322 est,
393 4235 450 4302 sed
474 4235 515 4301 ab
540 4235 685 4301 chrico
701 4232 865 4321 Stephano
888 4233 995 4300 fectus
1012 4246 1069 4320 est,
1092 4236 1147 4322 qui
1164 4236 1197 4299 in
1215 4255 1274 4299 sua
1289 4234 1432 4301 editione

144 4341 321 4408 Moralium
336 4342 417 4408 haec
432 4341 619 4428 adscripsit:
638 4342 692 4425 „in
707 4339 941 4406 distribuendis
957 4340 1047 4406 hisce
1063 4339 1230 4427 opusculis
1247 4342 1282 4406 in
1298 4352 1365 4406 tres
1382 4353 1431 4407 to-

145 4471 227 4533 mos,
243 4449 428 4535 argumenti
444 4445 658 4533 singulorum,
671 4468 737 4511 non
750 4447 914 4533 temporis,
931 4469 995 4533 quo
1007 4447 1130 4534 scripta
1141 4458 1260 4530 essent,
1271 4448 1431 4513 rationem

145 4553 257 4620 hebui.
281 4553 363 4621 Cum
387 4565 495 4619 tamen
518 4574 583 4618 non
606 4552 640 4617 in
664 4564 817 4639 tempore,
839 4551 898 4616 scd
921 4554 986 4617 iam
1014 4554 1146 4618 excusis
1169 4551 1336 4618 nonnullis
1351 4576 1431 4640 opu-

147 4661 250 4725 sculis
274 4661 316 4725 de
336 4658 399 4724 hsc
422 4658 651 4724 distributione
674 4659 920 4744 perspexissem,
936 4658 1005 4723 fieri
1023 4680 1088 4722 non
1104 4660 1218 4746 potuit,
1233 4661 1313 4746 quin
1329 4658 1430 4725 alium
