3768 5866
197 511 254 586 [⁸⁸]
537 542 771 585 caesurarum
795 544 954 588 uomruu
977 547 1135 591 mnrorsus
1435 528 1478 594 41

194 740 305 797 antem
329 753 385 798 eas
406 732 546 799 iuvenili
570 743 675 799 aetate
698 757 719 798 a
740 733 917 801 Plutarcho
940 737 1141 824 conscriptas
1162 761 1243 805 esse.
1266 739 1476 805 Verisimilli·

197 860 285 904 mam
308 849 416 905 autem
441 841 626 928 opinionem
649 841 792 908 edixisse
814 842 910 907 nohis
932 843 1064 909 videtur
1082 843 1351 911 Wachsmuthius
1366 848 1398 933 ί)
1420 849 1478 935 qui

196 945 284 1012 vitas
306 945 380 1012 illas
403 969 423 1013 a
445 947 623 1015 Plutarcho
637 971 704 1014 non
719 948 885 1015 absolutas
901 971 972 1015 esse
987 962 1107 1037 censet,
1123 952 1217 1017 cuius
1233 955 1411 1019 sententiae
1426 976 1479 1019 as-

195 1053 364 1140 sentimur,
382 1075 458 1119 cum
480 1053 683 1121 affirmamus
706 1057 792 1121 vitas
815 1056 889 1121 illas
912 1056 1045 1122 demum
1061 1068 1132 1145 post
1155 1069 1291 1125 mortem
1307 1060 1478 1126 Plutarchi

196 1158 301 1225 editas
326 1183 399 1228 esse
430 1183 469 1227 ac
499 1174 619 1250 postea,
650 1185 725 1228 oum
755 1165 821 1229 iam
844 1185 962 1250 corpus
985 1164 1137 1229 Vitarum
1168 1164 1354 1231 ahsolutum
1384 1179 1479 1255 esset,

197 1269 323 1354 corpori
345 1268 520 1334 Moralium
544 1269 717 1336 adiunctas
741 1293 820 1337 esse.

303 1374 519 1443 Continentur
541 1389 649 1442 autem
681 1378 768 1443 vitae
790 1377 866 1443 illae
889 1380 1005 1465 paucis
1027 1389 1154 1444 tantum
1177 1379 1348 1446 codicibus
1364 1403 1479 1468 corpo·

195 1483 242 1547 ris
265 1482 446 1549 Planudei:
470 1506 500 1548 n.
516 1484 550 1569 L,
574 1483 624 1569 V,
639 1483 799 1569 CLVIII,
822 1485 1006 1571 CXXVII,
1029 1485 1111 1571 Lx,
1127 1486 1315 1571 LXXVII,
1338 1500 1409 1552 tum
1425 1509 1480 1553 co-

195 1587 326 1655 dicibus
349 1591 429 1677 CX,
452 1591 604 1676 CXXX,
627 1591 771 1656 LXXX.

302 1697 387 1764 Oum
409 1699 510 1784 igitur
532 1699 620 1764 vitae
641 1697 719 1763 illae
742 1699 776 1763 in
799 1708 867 1764 tam
897 1721 999 1784 parvo
1022 1721 1159 1766 numero
1190 1700 1341 1767 codicum
1375 1724 1477 1767 asser·

195 1815 323 1891 ventur,
346 1806 495 1872 conicere
517 1805 596 1871 licet
618 1828 674 1871 eas
701 1807 768 1870 iam
791 1805 832 1871 ab
854 1806 949 1871 initio
983 1807 1063 1892 ipsis
1094 1807 1274 1874 Moralibus
1298 1830 1475 1895 numquam

195 1910 425 1978 'adnumeratas
451 1935 535 1978 esse:
559 1912 791 2000 posterioribus
815 1936 892 1978 vero
915 1914 1116 1999 temporibus
1139 1936 1215 1980 cum
1239 1916 1322 1979 varii
1347 1915 1477 1981 codices

194 2018 370 2085 Moralium
393 2019 683 2102 conscriberentur,
717 2021 787 2084 sine
810 2019 877 2083 ulla
907 2020 1032 2086 ratione
1061 2042 1117 2085 eas
1147 2020 1270 2109 aliquot
1308 2022 1477 2087 codicibus

194 2125 369 2191 Moralium
385 2126 556 2193 adiunctas
571 2148 651 2192 esse.
675 2126 865 2192 Verisimile
887 2137 936 2193 est
960 2128 1090 2193 codices
1113 2126 1187 2193 illos
1210 2152 1230 2193 a
1253 2128 1403 2194 Planude
1426 2130 1478 2193 in·

194 2244 307 2298 ventos
330 2246 363 2299 et
385 2234 513 2322 corpori
536 2233 702 2299 Planudeo
726 2255 791 2297 non
806 2243 895 2299 recte
911 2233 1081 2299 adiunctos
1097 2257 1176 2301 esse.
1199 2235 1313 2301 Altera
1327 2257 1369 2300 ex
1385 2246 1477 2322 parte

194 2361 308 2405 omnes
331 2339 470 2427 codices,
492 2342 547 2428 qui
571 2342 656 2406 vitas
677 2340 753 2405 illas
786 2341 961 2426 continent,
984 2343 1106 2406 arctius
1128 2342 1216 2407 inter
1238 2365 1272 2407 se
1304 2341 1478 2409 cohaerere

192 2445 364 2536 probabile
387 2459 444 2513 est.
467 2450 560 2530 Quae
582 2448 742 2513 sententia
773 2448 808 2512 in
839 2447 1007 2513 codicibus
1038 2450 1183 2536 corporis
1214 2448 1374 2515 Planudei
1402 2472 1479 2536 pro·

192 2565 267 2642 pter
289 2553 438 2620 ordinem
453 2556 648 2643 scriptorum
664 2554 735 2642 ipsa
758 2577 793 2619 se
816 2554 922 2637 offert3
937 2566 1007 2620 tum
1023 2555 1168 2620 codicem
1185 2555 1328 2623 CXXX
1343 2578 1478 2621 numero

193 2660 382 2748 LXXVH,
405 2661 551 2728 codicem
574 2662 719 2727 LXXX.
742 2661 947 2726 simillimum
970 2685 1041 2728 esse
1064 2685 1200 2729 numero
1223 2664 1400 2733 LXXVII.
1424 2662 1477 2729 af-

193 2767 304 2834 firmat
325 2768 525 2835 Reinachins
549 2780 720 2834 contextus
744 2767 916 2834 collatione
939 2770 1047 2836 nixus.

302 3197 419 3262 Postea
440 3219 507 3262 non
529 3196 635 3261 solum
658 3197 786 3281 singula
810 3197 932 3283 scripta
953 3196 1051 3282 primi
1074 3201 1111 3278 (s.
1137 3197 1267 3275 1-21.)
1290 3206 1322 3262 et
1337 3196 1474 3261 secundi

194 3305 340 3391 corporis
362 3308 400 3386 (s.
424 3304 588 3389 22-69.),
611 3302 667 3367 sed
690 3303 788 3368 etiam
813 3301 949 3366 duorom
971 3301 1101 3367 illorum
1126 3301 1392 3389 corpusculorum
1415 3326 1474 3390 per

193 3411 285 3475 vices
318 3411 354 3474 in
385 3411 479 3475 varia
500 3409 669 3475 volumina
699 3409 873 3474 coniuncta
896 3419 981 3473 sunt.
1018 3409 1121 3477 Ouius
1144 3409 1193 3473 rei
1215 3407 1476 3475 luculentissima

194 3516 390 3582 documenta
412 3518 448 3581 in
471 3517 573 3581 variis
596 3515 765 3580 codicibus
787 3514 882 3579 nobis
904 3526 1089 3580 occurrunt.
1114 3514 1175 3580 lllst
1197 3526 1307 3580 autem
1330 3517 1475 3582 maxima

194 3625 336 3689 varietas
359 3623 393 3687 in
416 3622 510 3687 libris
532 3621 725 3687 inchoandis
748 3634 780 3687 et
796 3620 1016 3708 disponendis.
1040 3620 1136 3703 Quod
1152 3621 1193 3686 ad
1209 3624 1304 3688 initia
1327 3624 1476 3709 pertinet,

193 3730 281 3796 a34
312 3730 443 3816 scriptis
472 3729 604 3801 initium
634 3728 760 3793 ducunt
793 3727 922 3793 codices
953 3729 1055 3794 nostri
1086 3710 1214 3814 praeter
1236 3727 1318 3793 haec
1341 3728 1475 3816 scripta:

194 3835 277 3903 89.
303 3838 353 3902 12.
379 3836 429 3902 13.
454 3837 504 3901 15.
529 3837 579 3901 17.
603 3836 655 3902 20.
679 3836 730 3898 21.
747 3834 799 3900 23.
823 3836 875 3900 25.
899 3836 951 3900 26.
968 3837 1019 3901 27.
1044 3836 1096 3901 28.
1120 3837 1171 3900 29.
1195 3837 1248 3901 30.
1272 3835 1325 3901 32.
1348 3836 1401 3900 33.
1424 3837 1477 3902 34.

193 3943 247 4011 35.
270 3944 323 4008 36.
346 3943 398 4009 37.
422 3944 474 4008 40.
498 3945 550 4007 41.
573 3944 626 4006 42.
653 3941 705 4006 45.
728 3943 781 4006 47.
804 3942 858 4008 48.
880 3943 933 4007 49.
949 3942 1001 4008 53.
1033 3942 1085 4008 54.
1101 3942 1154 4007 57.
1170 3943 1222 4009 62.
1246 3941 1297 4007 63.
1322 3943 1374 4007 65.
1391 3943 1433 4007 68
1442 3943 1476 4027 ¹).

302 4264 323 4334 ¹)
340 4266 499 4332 Einlsitung
509 4266 539 4315 in
550 4265 599 4315 du
612 4264 734 4315 Studium
749 4263 797 4315 der
809 4264 882 4315 alten
895 4260 1068 4316 (lecchichte.
1082 4264 1201 4330 leipsig.
1215 4262 1294 4318 1895.
1307 4279 1332 4329 p.
1346 4261 1400 4317 217
1416 4280 1476 4332 sqq.

301 4352 365 4425 'lh
386 4352 414 4407 l.
432 4355 532 4420 scripto
556 4353 729 4418 incipiuntur
749 4354 780 4417 L,
803 4354 863 4419 111,
889 4353 932 4416 V,
957 4353 1027 4415 vll,
1052 4354 1186 4416 XXXlX,
1210 4354 1290 4419 m,
1315 4353 1372 4404 Lx.
1395 4353 1477 4419 LXI,

193 4440 1119 4508 mu.‚1.xxvn.‚uxxx.,mxv1.‚xcs‚romonum,
1135 4441 1476 4505 ornumornum..

193 4534 335 4595 cxuvn,
354 4532 483 4596 cumn,
502 4530 655 4583 cnxvrn.
675 4530 814 4595 ccxxv,
833 4531 976 4582 cuxxrx.
996 4531 1070 4592 cos,
1088 4531 1187 4596 ccxi,
1206 4530 1334 4596 ccxvi,
1361 4531 1476 4598 ccxx,

193 4618 401 4689 commu,
418 4620 596 4684 cenna,
615 4616 660 4685 (28
678 4616 803 4688 codices).

300 4727 318 4762 a
337 4709 367 4764 8.
384 4710 485 4775 scripto
503 4723 543 4760 n:
561 4708 610 4760 IV.
633 4708 719 4774 1111,
742 4709 851 4773 mn,
881 4705 1017 4773 XLVIII,
1042 4708 1182 4773 cnm,
1206 4708 1335 4773 exem,
1357 4708 1476 4761 ocm

194 4800 220 4869 ll
239 4798 363 4868 num)

1443 4902 1479 4958 4*
