3768 5866
452 484 498 551 48
987 505 1098 548 vrcron
1115 506 1200 547 nans
1680 479 1730 552 [9⁰1

452 695 599 785 profecta
622 708 706 780 sunt,
728 696 904 784 praecipue
926 692 1052 781 02Θῇ
1079 693 1174 771 ΑΛΔ,
1200 693 1266 779 ΗΑ,
1289 692 1384 780 rm
1407 692 1508 781 Nllll,
1531 706 1568 761 nt
1591 695 1626 760 in
1643 717 1668 760 s.
1683 695 1729 760 39.

452 808 483 887 β.
506 806 601 869 201
624 800 830 867 ΣΤΡΟΦΗΝ
854 801 979 869 factum
1003 813 1065 867 est:
1089 799 1305 867 ΣΤΡΟΦΑΝ.

562 911 595 994 3)
619 911 710 995 vitia,
726 932 808 997 qnae
825 919 956 996 propter
971 907 1221 974 similitudinem
1245 907 1475 974 nonnullarum
1492 908 1676 975 litterarum
1698 909 1731 973 in

452 1018 615 1105 scriptura
637 1016 822 1082 minuscula
844 1017 1049 1101 exstiterunt,
1073 1025 1109 1081 ut
1131 1016 1166 1080 in
1190 1037 1215 1080 s.
1237 1017 1291 1082 39.
1314 1039 1343 1103 p.
1371 1017 1443 1083 178.
1456 1017 1571 1091 τούτοις
1586 1039 1646 1103 pro
1662 1017 1732 1081 ταύ-

453 1149 516 1198 ταις
539 1123 646 1210 (plura
678 1123 828 1210 exempla
865 1120 1087 1188 aBeinachic
1116 1121 1137 1186 l.
1167 1120 1731 1210 1.{xxx111-xxxlv.addu-

453 1238 594 1312 cuntur).

560 1338 651 1402 Vitia
674 1337 761 1403 tertii
777 1338 906 1424 generis
922 1336 1070 1402 indicant
1086 1336 1268 1403 secundnm
1287 1337 1504 1404 Reinachium
1519 1336 1730 1429 archetypum

452 1445 615 1532 scriptura
644 1444 829 1509 minuscula
864 1444 1022 1531 scriptum
1053 1467 1125 1509 esse
1158 1466 1182 1508 s.
1206 1444 1268 1510 IX.
1299 1444 1353 1509 vel
1384 1445 1428 1511 X.
1451 1468 1481 1531 p.
1504 1444 1580 1512 chr.
1604 1467 1645 1531 n,
1675 1443 1732 1527 (les

453 1552 561 1617 fantes
576 1551 617 1617 de
633 1562 717 1617 cette
733 1550 883 1617 derniere
899 1552 1070 1639 categoria,
1083 1552 1224 1639 quoique
1235 1574 1298 1640 pen
1314 1551 1536 1638 nombrenses,
1548 1575 1630 1618 nous
1645 1564 1732 1618 anto-

452 1660 563 1743 risent,
594 1680 631 1723 ce
655 1657 787 1745 semble,
817 1657 1013 1742 aaflirmer,
1044 1682 1107 1745 qne
1137 1658 1291 1724 l'ancdtre
1322 1681 1476 1724 commun
1508 1658 1550 1726 de
1578 1669 1653 1724 tons
1676 1682 1732 1725 nos

453 1767 651 1831 manuscrits
685 1768 764 1830 etait
787 1765 864 1853 ddja
885 1767 969 1831 ecrit
991 1788 1032 1831 en
1057 1765 1229 1831 miniscnle
1252 1776 1285 1831 et
1307 1788 1349 1831 ne
1371 1768 1545 1831 remontait
1568 1766 1655 1832 donc
1678 1790 1733 1854 pas

452 1871 585 1938 arr-dela
612 1871 656 1935 du
680 1872 741 1938 IX.
773 1872 884 1954 siecle)
909 1874 952 1959 (p.
975 1872 1165 1959 xxm),
1192 1884 1399 1963 prototypum
1431 1883 1539 1938 autem
1573 1872 1734 1939 uncialem

452 1978 564 2045 fnisse.
587 1978 647 2046 oui
672 1980 853 2045 sententiae
876 1977 1046 2045 Reinachii
1070 1981 1277 2045 assentimur.

559 2086 656 2167 Quod
679 2086 722 2151 ad
746 2086 906 2151 librorum
921 2085 1043 2152 classes
1067 2085 1308 2171 dignoscendas
1332 2087 1480 2173 pertinet,
1502 2109 1625 2173 magna
1648 2085 1729 2153 diffi-

452 2192 557 2259 cultas
580 2195 615 2257 in
638 2214 676 2257 eo
699 2195 875 2280 praecipue
898 2205 956 2279 est,
980 2192 1075 2280 qnod
1100 2204 1136 2258 ut
1159 2194 1225 2259 iam
1247 2195 1378 2282 saepius
1401 2193 1557 2278 diximus,
1580 2204 1734 2260 accurata

451 2322 565 2366 eorum
588 2299 761 2365 collatione
784 2299 892 2366 adhuc
915 2321 1072 2365 caremus.

559 2406 688 2487 Quibus
712 2408 899 2495 praemissis
922 2407 957 2472 in
981 2407 1124 2472 secunda
1147 2406 1261 2473 tabula
1284 2420 1421 2473 stemma
1444 2407 1595 2473 codicum
1621 2430 1734 2496 propo·

453 2515 562 2579 nimus
585 2535 649 2578 non
674 2526 864 2579 accuratum
888 2514 1020 2601 quidem
1044 2514 1127 2579 illud
1150 2537 1326 2602 omnesque
1349 2514 1449 2580 libros
1472 2516 1654 2600 continens,
1678 2514 1733 2581 sed

451 2630 540 2687 certe
563 2622 783 2707 gravissimos.
807 2622 900 2686 Haec
923 2633 1033 2687 antem
1057 2632 1214 2687 annotare
1237 2644 1280 2687 ex
1303 2643 1339 2687 re
1362 2622 1470 2686 visum
1494 2633 1556 2687 eett

563 2732 593 2811 l)
616 2728 669 2793 Ex
692 2726 870 2817 archetype
893 2740 1004 2794 nostro
1038 2728 1076 2813 (s.
1099 2729 1161 2794 IX.
1185 2727 1239 2794 vel
1263 2729 1320 2815 X.)
1349 2728 1445 2794 duxit
1475 2729 1569 2794 initio
1600 2751 1734 2817 corpus·

452 2833 562 2901 cnlnm
587 2835 622 2919 Ι,
646 2836 768 2921 scripta
794 2837 910 2901 1-19.
933 2848 966 2902 et
989 2837 1041 2900 21.
1076 2837 1247 2901 continens
1277 2835 1476 2921 (,‚Ethica“)‚
1506 2835 1593 2922 qnod
1625 2848 1735 2925 postea

452 2943 573 3029 scripto
597 2943 648 3007 20.
672 2941 903 3029 interpolatum
928 2954 985 3007 est.
1008 2942 1116 3022 Quam
1140 2942 1182 3008 oh
1207 2965 1275 3008 rem
1298 2965 1340 3007 ex
1362 2942 1430 3008 filio
1452 2941 1625 3034 archetypi
1653 2942 1734 3008 duas

451 3059 560 3137 partes
582 3048 718 3114 fluxisse
741 3050 955 3136 suspicamur,
983 3049 1118 3114 alteram
1143 3072 1167 3114 s.
1193 3052 1309 3115 1-19.
1333 3060 1366 3115 et
1388 3051 1450 3135 21,
1472 3048 1610 3115 alteram
1635 3074 1659 3115 s.
1683 3051 1735 3116 20.

451 3158 671 3223 continentem
695 3154 750 3243 (cf.
774 3178 873 3244 snpra
896 3179 968 3243 pag.
993 3158 1045 3224 34.
1070 3162 1159 3243 sqq.).
1183 3155 1248 3223 Sed
1271 3156 1305 3220 hi
1329 3156 1459 3222 codices
1482 3178 1597 3222 omnes
1619 3157 1735 3246 deper-

451 3263 512 3328 diti
537 3274 621 3328 eunt.
646 3263 755 3327 Huius
779 3263 965 3350 corpusculi
988 3263 1101 3349 optimi
1127 3262 1255 3328 codices
1272 3274 1348 3328 sunt
1363 3263 1545 3329 secundum
1560 3265 1734 3330 Patcninm

449 3383 484 3437 et
517 3369 806 3436 Wilamowitzium
842 3369 971 3435 codices
1006 3369 1152 3435 Venetus
1187 3373 1270 3455 249,
1303 3370 1450 3436 Venetus
1484 3372 1559 3437 250.
1594 3384 1627 3437 et
1649 3371 1734 3437 Vin·

451 3475 649 3542 dobonensis
675 3479 756 3557 129,
787 3475 852 3541 alia
882 3488 1040 3563 exparte
1057 3498 1142 3540 nnus
1165 3476 1270 3541 codex
1292 3476 1515 3565 interpolatus,
1538 3500 1605 3542 non
1629 3500 1736 3544 asser·

450 3594 555 3669 vatus,
579 3584 727 3669 signatus
750 3606 770 3646 a
793 3582 885 3647 nobis
910 3582 1102 3669 compendio
1126 3583 1193 3670 (D),
1218 3584 1311 3649 cuins
1335 3582 1544 3671 apographon
1569 3596 1619 3650 est
1643 3586 1734 3650 Pari·

451 3691 543 3756 sinus
566 3690 609 3776 D,
632 3712 675 3755 ex
697 3712 760 3777 quo
784 3691 930 3755 manavit
953 3690 1100 3755 Venetus
1123 3691 1198 3755 511.

558 3796 626 3863 Alii
649 3819 728 3863 vero
752 3796 883 3862 codices
914 3798 949 3861 in
980 3798 1113 3884 scriptis
1146 3799 1263 3861 1-21.
1295 3810 1371 3862 sunt
1402 3798 1537 3862 minoris
1570 3799 1735 3884 momenti,

451 3926 550 3992 qnam
572 3903 614 3969 oh
637 3926 707 3969 rem
731 3904 763 3967 in
789 3913 959 3969 stemmate
983 3926 1047 3968 non
1071 3904 1260 3969 afferuntur.

557 4010 633 4092 Qua
655 4012 781 4076 ratione
805 4011 903 4075 nixus
926 4009 1030 4075 edidit
1052 4012 1194 4098 primum
1219 4011 1374 4076 Patonius
1398 4034 1422 4076 s.
1449 4014 1499 4078 17.
1521 4011 1576 4096 (de
1608 4012 1735 4099 cupidi·

450 4129 517 4184 tate
541 4118 745 4204 divitiarum)
756 4120 788 4202 1),
819 4128 889 4181 tum
911 4117 1184 4184 Wilamowitzins
1207 4140 1231 4182 s.
1256 4120 1308 4183 21.
1331 4118 1365 4181 in
1389 4117 1509 4205 libello,
1539 4119 1595 4183 cui
1617 4120 1735 4185 inscri-

450 4225 553 4291 bitur:
579 4223 831 4313 „Griechisches
855 4222 1058 4290 Lesebuch“.
1074 4222 1230 4309 (Berolini
1258 4226 1353 4290 1902.
1369 4224 1432 4289 vol.
1448 4225 1475 4290 I.
1491 4226 1521 4291 2.
1538 4226 1734 4313 328-338,

451 4331 493 4398 cf.
517 4333 560 4399 Π.
592 4333 622 4397 2.
646 4333 742 4417 261),
773 4352 837 4419 qna
867 4332 1038 4397 occasione
1069 4332 1122 4396 vir
1153 4330 1360 4396 doctissimus
1390 4332 1570 4418 genuinum
1602 4333 1734 4399 titulum

449 4438 555 4504 libelli
578 4440 732 4505 restituit:
755 4440 819 4528 περὶ
842 4429 1059 4527 δεισιδαιμονίας
1082 4438 1144 4522 [καὶ
1166 4439 1350 4527 ἀθεότητοςΙ.

559 4693 579 4757 ¹)
597 4691 654 4742 The
667 4692 778 4742 trectiss
795 4692 827 4741 el
836 4690 965 4742 Plutarch
984 4689 1017 4740 de
1030 4688 1178 4755 cupiditate
1191 4689 1356 4755 divitiarum,
1375 4690 1464 4743 edited
1477 4692 1512 4757 by
1526 4693 1568 4743 W.
1587 4692 1619 4745 B.
1639 4694 1734 4746 Paron

451 4777 512 4833 248.
531 4777 583 4848 (nr.
601 4780 740 4845 XXVIII.)
758 4780 877 4830 Lendon.
898 4776 974 4831 1896.
994 4779 1115 4830 I-XVI.
1136 4784 1163 4828 et
1180 4776 1330 4831 355-868.
