3768 5866
151 568 206 639 [49]
501 593 541 633 ore
563 591 735 634 rnursscnr
759 591 918 631 uouemus
942 591 1100 632 conuersus
1415 568 1432 631 7

151 785 260 865 Quem
295 782 443 848 codicem
479 780 668 847 Hercherus
680 786 702 862 ¹)
737 791 770 845 et
799 779 1081 865 Bernardalrius²)
1113 781 1224 866 magni
1254 782 1435 863 aestimant,

153 889 209 954 alii
224 910 304 956 vero
319 889 383 952 viri
399 897 435 953 ut
450 886 725 977 Wyttenbachius
737 890 769 971 θ),
785 887 926 951 Treuius
936 888 971 973 ⁴),
987 887 1167 953 Larsenius
1177 888 1211 973 ⁶),
1235 886 1390 952 Patonius
1402 890 1434 967 ⁰),

154 997 268 1062 Vassis
279 1000 304 1079 1)
327 994 464 1060 minoris
487 1018 558 1061 esse
581 994 736 1059 momenti
768 993 890 1059 dicunt.
929 995 1037 1081 Atque
1061 992 1337 1083 wyttenbachius
1360 1015 1435 1058 eum

154 1125 219 1167 non
243 1102 412 1168 meliorem
428 1100 598 1167 codicibus
610 1100 862 1187 Mosquensibus
878 1101 1013 1186 iudicat,
1035 1100 1233 1167 Duebnerus
1245 1104 1280 1185 ⁸),
1303 1101 1359 1187 qui
1383 1121 1438 1166 ce-

152 1209 261 1275 dieem
284 1212 354 1296 ipse
377 1231 442 1273 non
467 1207 656 1291 contulerat
680 1206 738 1271 sed
762 1218 887 1272 tantum
912 1206 1084 1272 collatione
1106 1206 1265 1273 Gontiana
1285 1229 1363 1272 usus
1378 1218 1436 1293 est,

156 1326 286 1404 propter
309 1314 429 1380 multas
451 1314 725 1400 interpolationes,
748 1337 832 1400 quae
856 1313 962 1379 codici
986 1324 1096 1379 nostro
1119 1317 1271 1397 inessent,
1301 1314 1436 1379 minoris

155 1423 243 1509 fecit,
267 1422 366 1488 simili
389 1421 485 1486 modo
508 1423 686 1487 Larsenius
709 1432 742 1487 ct
764 1421 920 1487 Patenius
943 1421 1088 1487 codicem
1112 1420 1341 1509 interpolatum
1366 1445 1438 1487 esse

154 1531 372 1618 suspicantur.
396 1533 440 1595 At
463 1527 708 1594 Bernardekius
732 1527 883 1593 dissentit
905 1531 1046 1615 primum
1070 1530 1104 1592 in
1121 1528 1287 1593 volumine
1309 1529 1334 1595 Ι.
1358 1550 1437 1594 snae

155 1636 307 1703 editionis
316 1638 351 1721 ⁹),
374 1648 444 1701 tum
475 1636 509 1699 in
542 1633 778 1717 dissertatione,
814 1657 897 1721 quae
931 1634 1135 1701 inscribitur:
1173 1636 1245 1722 „De
1269 1635 1435 1701 Plutarchi

155 1742 327 1809 Moralium
360 1741 538 1826 codicibus,
562 1742 737 1829 praecipue
760 1741 801 1806 de
833 1741 945 1806 codice
975 1742 1125 1807 Parisino
1148 1743 1189 1806 D.
1213 1764 1243 1808 n.
1270 1742 1375 1808 laud
1390 1746 1437 1828 ¹⁰),

155 1850 316 1937 siquidem
340 1850 372 1914 D
396 1850 709 1936 praestantissimum
742 1849 887 1914 omnium
912 1847 1073 1934 codicum,
1096 1850 1150 1935 qui
1177 1848 1343 1914 Plutarchi
1368 1850 1438 1914 Μο-

156 1957 237 2023 ralia
259 1957 528 2042 complectuntur,
550 1979 622 2021 esse
640 1957 863 2037 existimat11).
887 1954 1159 2041 Interpolationes
1183 1967 1291 2020 autem
1314 1955 1438 2020 codicis

155 2086 195 2130 eo
208 2062 304 2129 modo
319 2063 527 2150 interpretari
544 2062 661 2147 studet,
679 2076 713 2125 ut
732 2062 780 2149 „is
795 2063 849 2149 qui
867 2061 1012 2127 codicem
1028 2063 1060 2127 D
1074 2061 1258 2147 descripsit,
1273 2062 1438 2127 interdum

155 2182 213 2236 aut
236 2194 283 2256 ea,
306 2193 390 2257 quae
413 2171 539 2234 sivein
565 2170 723 2255 margine,
747 2170 818 2235 sive
841 2170 927 2233 inter
951 2191 1067 2233 versus
1091 2167 1262 2257 archetypi
1286 2168 1438 2234 adnm

157 2279 305 2363 fuissent,
328 2279 362 2341 in
385 2287 508 2341 textum
528 2274 692 2340 bonafide
716 2288 753 2339 ut
771 2277 916 2360 genuina
931 2276 1102 2360 recepisse,
1125 2285 1181 2339 aut
1203 2275 1437 2341 vocabulorum

155 2383 361 2472 quorundam
384 2382 639 2467 terminationes,
673 2404 757 2468 quae
780 2383 815 2445 in
837 2379 1015 2470 archetypo
1039 2380 1091 2445 vel
1116 2382 1254 2447 omissae
1277 2382 1330 2447 vel
1361 2406 1439 2448 eva-

157 2491 254 2557 nidas
284 2501 401 2575 essent,
432 2510 601 2577 perperam
634 2487 836 2576 supplevisse
859 2488 950 2552 visus
974 2489 1034 2552 sit“
1050 2492 1097 2572 Ν),
1130 2511 1227 2576 quam
1252 2490 1438 2576 opinionem

154 2597 315 2686 exemplis
331 2620 374 2662 ex
390 2596 503 2661 codice
523 2597 662 2683 sumptis
678 2595 871 2660 confirmare
888 2607 1022 2660 conatus
1046 2607 1101 2660 est
1125 2595 1248 2661 Multos
1263 2619 1341 2663 vero
1357 2598 1439 2663 alios

157 2705 244 2771 locos
268 2728 348 2790 esse,
371 2705 406 2768 in
429 2703 549 2790 quibus
574 2702 677 2769 codex
700 2704 732 2768 D
756 2700 1059 2789 interpolationibus
1083 2702 1167 2770 liber
1191 2704 1241 2789 sit,
1265 2702 1345 2769 alios
1361 2727 1438 2770 vero

157 2812 288 2878 codices
311 2810 614 2898 interpolationibus
645 2809 791 2875 foedatos
821 2832 892 2874 csse
923 2811 977 2895 ait,
1011 2810 1097 2897 quod
1132 2811 1211 2876 item
1246 2810 1438 2877 confirmare

156 2918 267 2984 studet
290 2921 432 3007 primum
456 2920 513 3003 eis,
540 2939 642 3005 ,quae
661 2940 708 3003 ee,
724 2915 810 3004 quod
824 2916 932 2981 hiatus
947 2915 1085 2981 aliorum
1101 2916 1237 3002 tollitur,
1253 2917 1439 3005 probantur,

157 3038 227 3091 tum
250 3027 308 3108 eis,
331 3046 414 3112 quae
437 3026 631 3112 optimorum
656 3023 806 3089 codicum
831 3022 1026 3089 lectionibus
1048 3023 1179 3110 probari
1202 3035 1347 3109 possunt,
1370 3036 1439 3090 tum

155 3134 215 3218 eis,
244 3155 327 3220 quae
351 3144 407 3197 aut
430 3129 598 3196 Plutarchi
622 3140 679 3195 aut
702 3130 840 3195 aliorum
864 3131 1060 3216 scriptorum
1092 3128 1173 3196 locis
1197 3129 1439 3215 confirmantur,

157 3262 254 3329 porro
278 3239 334 3323 eis,
357 3261 442 3326 quae
464 3237 653 3304 criticorum
678 3237 882 3302 coniecturas
914 3236 1116 3321 confirmant,
1147 3235 1288 3324 denique
1317 3239 1375 3323 eis,
1404 3240 1439 3302 in

157 3347 277 3434 quibus
300 3345 506 3431 interpolatio
529 3343 729 3430 reliquorum
753 3342 903 3408 codicum
927 3341 1100 3408 manifesta
1131 3353 1181 3409 est
1211 3358 1244 3409 et
1273 3345 1323 3430 iis,
1357 3368 1440 3432 quae

159 3476 312 3539 magnam
335 3453 484 3518 lectionis
507 3450 761 3536 discrepantiam
777 3472 855 3537 prae
871 3472 906 3514 se
922 3449 1051 3514 ferunt“
1066 3451 1113 3535 ¹⁸).
1136 3451 1265 3533 Quibus
1288 3453 1440 3519 omnibus

158 3562 250 3625 nisus
274 3560 440 3624 existimat
471 3556 716 3623 Bernardakius
750 3578 871 3642 ,unum
902 3555 1050 3621 codicem
1072 3557 1104 3622 D
1130 3557 1258 3623 salvum
1288 3570 1321 3624 et
1350 3560 1441 3624 ineo-

158 3667 290 3752 lumem,
313 3677 471 3754 quantum
495 3664 625 3751 quidem
658 3663 728 3728 fieri
760 3674 893 3752 poterat,
923 3686 966 3729 ex
995 3666 1125 3750 gurgite
1157 3664 1214 3730 illo
1245 3678 1346 3751 vasto,
1377 3689 1440 3753 quo

160 3773 279 3841 fratres
302 3784 335 3838 et
357 3784 507 3861 parentes
531 3771 671 3837 demersi
696 3783 780 3851 sunt,
803 3772 960 3836 evasisse:
977 3782 1027 3836 est
1041 3782 1150 3837 autem
1166 3773 1268 3838 multo
1284 3775 1442 3839 vetustior

159 3880 227 3946 illis
259 3879 435 3964 codicibus,
469 3880 501 3942 in
532 3877 651 3965 quibus
674 3880 755 3942 κατὰ
778 3880 926 3964 συνέχειαν
949 3879 1061 3967 ἐγράφη
1084 3881 1125 3943 τὰ
1148 3871 1344 3965 διαλείποντα,
1366 3903 1441 3967 pre·

160 3998 271 4075 pterea
293 3987 380 4074 quod
402 3986 508 4051 codex
532 3987 688 4071 sincerus,
703 3985 810 4072 qualis
826 3998 875 4051 est
890 3987 931 4069 D,
947 3985 1035 4051 unde
1051 3984 1188 4052 lacunae
1205 3986 1441 4074 supplerentur.

268 4148 289 4218 ¹)
307 4151 337 4201 L.
356 4150 375 4201 l.
393 4150 423 4199 in
440 4149 609 4214 praefatione
629 4147 679 4198 vol.
700 4150 720 4197 1.
740 4164 765 4212 p.
784 4149 816 4198 V.
927 4148 947 4215 ¹)
967 4151 997 4198 h.
1015 4149 1034 4198 1.
1054 4148 1106 4199 rol.
1127 4151 1146 4199 1.
1166 4149 1262 4199 xxlv.

269 4235 290 4305 ¹)
309 4241 339 4290 h.
359 4238 376 4289 l.
395 4239 417 4289 1.
437 4237 462 4290 1.
482 4235 525 4290 76.
632 4235 655 4305 ⁴)
673 4238 714 4287 De
732 4236 790 4288 cod.
809 4239 870 4288 Par.
890 4246 941 4289 etc.
961 4255 986 4302 p.
1005 4237 1031 4290 6.

269 4325 289 4390 ⁶)
308 4327 403 4377 Studia
422 4326 518 4376 critica
536 4326 564 4375 in
583 4326 722 4376 Plutarchi
741 4326 865 4379 Motella.
884 4326 1019 4378 Hauniae.
1040 4325 1116 4380 1889.
1137 4344 1162 4392 p.
1182 4327 1198 4378 7
1217 4344 1255 4393 sq.

267 4413 289 4483 “)
307 4417 337 4466 L.
356 4416 374 4466 l.
394 4416 465 4467 xlv,
485 4431 524 4481 eq.
635 4411 654 4479 ²)
673 4416 704 4463 ln
723 4414 913 4466 dissertatione
931 4431 1013 4481 supra
1029 4414 1148 4480 laudata,
1169 4418 1204 4466 cf.
1224 4432 1248 4481 p.
1269 4416 1294 4468 2.
1315 4418 1376 4467 edn.
1397 4416 1421 4469 5.

269 4503 290 4569 ⁸)
308 4507 338 4555 1..
358 4505 377 4555 Ι.
395 4521 421 4570 p.
439 4503 465 4556 2.
575 4502 595 4569 ”)
615 4504 643 4554 P.
661 4503 758 4553 XXIV.

271 4591 302 4661 u)
320 4596 500 4658 Mnemosyne.
521 4590 599 4645 1896.
620 4592 672 4643 vol.
694 4593 788 4643 XXlV.
810 4610 834 4658 p.
854 4592 1004 4645 377-396.

271 4683 353 4752 11)1..
372 4683 388 4732 l.
409 4699 434 4748 p.
453 4680 525 4745 378,
544 4683 572 4730 in
592 4682 656 4732 edit.
676 4682 729 4731 vol.
749 4682 769 4732 1.
790 4698 816 4747 p.
835 4682 930 4733 XXIV.

271 4771 302 4839 ¹¹)
320 4773 369 4823 ud.
389 4771 441 4822 rol.
461 4774 481 4824 1.
500 4771 582 4830 m..
601 4772 775 4835 Mnemosyne
793 4771 811 4821 l.
832 4771 849 4822 l.
869 4769 930 4822 378.

271 4859 303 4928 ¹¹)
322 4862 494 4925 Mnemosyne
512 4859 530 4911 l.
551 4859 567 4911 l.
587 4876 612 4925 p.
632 4856 687 4911 880
704 4874 761 4924 sqq.
