3768 5866
180 545 237 616 [⁴⁶]
529 571 570 612 nn
592 571 762 613 reu-ranem
785 572 944 613 uouemus
967 570 1125 614 oonrcmus
1440 551 1466 615 3-

181 758 496 826 demonstreverunt.
512 760 680 825 Postremo
695 758 736 826 G.
749 760 787 825 N.
801 759 996 826 Hatnidalsis
1012 771 1045 827 et
1059 761 1101 826 K
1114 761 1146 828 S.
1159 762 1286 827 Kontos
1296 764 1320 849 ¹)
1336 761 1378 828 de
1392 762 1462 828 edi·

180 867 269 933 tione
280 865 550 933 Bernarduhiana
562 867 816 952 severissimum,
832 865 891 932 sed
901 867 1128 933 iustissimium
1140 867 1301 934 iudicium
1313 868 1464 935 fecerunt

180 984 279 1061 utque
302 972 422 1038 multus
446 974 600 1040 vitiorum
624 972 714 1040 labes
736 974 772 1037 in
795 995 834 1039 ea
856 996 928 1040 esse
950 974 1170 1041 ostenderunt

289 1081 450 1146 Venimus
472 1102 562 1145 nunc
585 1079 627 1145 ud
649 1078 818 1146 historiam
841 1080 1016 1146 Moralium
1039 1082 1198 1168 criticam,
1221 1104 1318 1170 quam
1341 1084 1463 1149 nostris

181 1186 313 1253 demum
337 1187 537 1276 temporibus
560 1186 710 1252 nonnulli
732 1187 797 1252 viri
820 1187 908 1254 docti
932 1199 1072 1255 tractare
1095 1200 1281 1277 coeperunt.
1318 1190 1359 1255 In
1382 1212 1460 1276 quo-

182 1317 256 1360 rum
279 1317 415 1360 numero
437 1295 563 1381 primus
584 1294 780 1360 Bertholdus
803 1294 981 1360 Muellerus
996 1296 1031 1359 in
1047 1295 1249 1383 praefatione
1264 1295 1367 1362 libelli
1383 1296 1462 1362 Plu-

179 1401 315 1483 anchei,
330 1402 386 1489 qui
398 1401 601 1467 inscribitur:
617 1400 677 1487 „de
686 1402 814 1467 enimse
829 1402 1054 1489 procreatione
1069 1403 1103 1467 in
1119 1403 1283 1488 Timaeo“‚
1300 1403 1462 1491 disseruit,

180 1530 246 1595 quo
269 1506 365 1572 modo
389 1506 519 1573 codices
541 1509 626 1573 inter
649 1531 684 1572 se
707 1507 927 1593 cohaererent,
960 1510 1016 1596 qui
1039 1507 1119 1574 ordo
1142 1508 1302 1574 librorum
1333 1513 1463 1589 esset²)'.

181 1614 261 1680 Post
282 1613 476 1680 Muellerum
500 1615 661 1701 imprimis
683 1613 930 1680 Maximilianus
952 1616 1092 1680 Treuius
1115 1638 1182 1680 non
1197 1615 1302 1681 solum
1326 1639 1463 1683 accuru-

181 1723 307 1788 tissime
330 1721 477 1808 singulos
497 1721 627 1788 codices
644 1720 825 1808 descripsit,
841 1720 899 1787 sed
915 1722 1013 1788 etium
1028 1722 1140 1809 multa,
1156 1746 1240 1811 quse
1256 1723 1298 1788 ed
1314 1723 1464 1789 ordinem

180 1828 340 1894 librorum
363 1828 536 1894 Moralium
559 1830 731 1916 pertinent,
761 1830 882 1894 rectius
913 1830 1064 1917 exposuit
1074 1830 1108 1915 ⁸).
1153 1830 1282 1912 Quibus
1304 1829 1464 1895 nonnulle

181 1935 302 2002 adiecit
327 1935 632 2022 Wilamowitziuse
664 1935 784 2022 eliique
808 1937 872 1999 viri
896 1934 993 2023 docti,
1028 1935 1105 2002 huic
1135 1938 1316 2023 quaestioni
1348 1936 1464 2020 dediti3

179 2052 325 2109 attamen
347 2042 428 2108 haec
451 2043 562 2108 omnia
584 2064 650 2107 non
672 2042 833 2108 eiusmodi
856 2054 940 2127 sunt,
964 2056 1000 2109 ut
1022 2065 1093 2109 rem
1116 2043 1159 2108 ud
1181 2044 1374 2109 umbilicum
1389 2066 1462 2131 per-

181 2149 313 2216 ductam
338 2172 410 2215 esse
433 2171 634 2216 censeamus.

289 2255 370 2322 Cum
394 2267 503 2322 eutem
526 2258 562 2321 in
587 2256 681 2321 libris
704 2258 852 2324 virorum
868 2255 1038 2323 doctorum
1053 2256 1320 2344 nonnullaquue
1335 2257 1464 2322 adrem

181 2362 356 2428 Moralium
380 2363 529 2429 criticam
552 2363 724 2450 pertinent
748 2385 815 2428 non
837 2364 916 2428 setis
939 2373 1091 2429 accurate
1113 2374 1264 2429 coenata
1287 2386 1359 2430 csse
1389 2385 1464 2451 per-

180 2470 412 2557 spexissemus,
434 2471 499 2535 iam
515 2472 551 2534 in
566 2481 678 2535 nostra
693 2469 919 2535 dissertatione
934 2471 1077 2556 primum
1092 2492 1206 2536 omnes
1222 2469 1353 2536 codices
1368 2469 1465 2536 nobis

181 2578 329 2663 cognitos
351 2599 531 2664 recensere,
553 2588 624 2642 tum
647 2576 687 2642 de
709 2576 832 2661 ordine,
863 2600 927 2664 quo
949 2576 1086 2642 Morulia
1108 2577 1292 2663 traduntur,
1324 2576 1465 2665 deniqne

179 2684 224 2750 de
247 2684 397 2750 codicum
420 2684 595 2771 generibus
618 2706 716 2770 agere
740 2685 976 2750 constituimus.

808 3004 833 3070 1.

345 3128 570 3215 Codices
605 3128 878 3214 Moralium
911 3128 1301 3215 describuntur.

290 3290 408 3356 Libros
432 3311 510 3354 vero
532 3311 598 3354 non
623 3288 727 3353 solum
751 3311 864 3353 omnes
887 3288 1047 3373 meliores,
1070 3289 1127 3375 qui
1150 3287 1244 3352 nobis
1268 3289 1336 3353 noti
1360 3299 1463 3373 erant,

177 3400 217 3464 in
248 3396 407 3462 iudicium
431 3418 595 3481 vocamus,
619 3394 676 3461 sed
701 3397 798 3461 etiam
821 3399 860 3460 de
883 3395 932 3479 iis,
956 3396 1011 3482 qui
1034 3395 1170 3459 minoris
1198 3396 1354 3461 momenti
1378 3405 1464 3481 sunt,

176 3526 281 3592 agere
303 3503 420 3592 placet.
442 3502 580 3571 Codices
611 3502 797 3568 describere
827 3503 873 3567 ita
903 3502 1112 3585 instituimus,
1143 3511 1180 3565 ut
1206 3524 1261 3566 eos
1284 3500 1464 3568 secundum

290 3771 322 3838 lr)
341 3769 398 3841 [lapi
415 3774 457 3837 τῆς
474 3770 591 3839 victime
609 3769 727 3835 ἐκδόσιως
752 3772 800 3820 τῶν
823 3766 983 3839 Πλουτάρχου
1007 3769 1189 3839 Συμποσιακῶν.
1214 3771 1247 3822 X.
1271 3767 1413 3823 tue-482
1439 3775 1466 3820 et

177 3864 230 3915 xl.
250 3860 365 3916 eso-5.

292 3947 517 4016 1)’18ηνο”ι,ΧΙΙΙ
536 3948 625 4021 (1801)
642 3949 793 4004 ces-712.
814 3951 854 4001 Gt.
875 3949 959 4001 etium
977 3949 994 3999 l.
1015 3949 1031 4000 Ι.
1051 3965 1076 4013 p.
1088 3946 1252 4001 nti-462:
1272 3945 1449 4000 Chetsideki·

177 4038 305 4110 Ἐλέγχου
322 4035 463 4108 &eulptech

292 4126 313 4197 ’)
332 4129 461 4181 Plutarch
479 4132 546 4181 tiber
563 4129 607 4180 die
626 4128 873 4195 Seelenschbpfung
896 4128 935 4177 im
953 4128 1087 4178 Timaeus.
1112 4126 1226 4177 Breslun
1244 4124 1324 4179 1878.
1347 4126 1466 4191 Gymne-

178 4221 254 4271 eium
273 4234 306 4269 su
324 4218 362 4270 St
382 4218 530 4271 Elisabeth
549 4219 657 4271 Bericht
674 4218 742 4269 tiber
760 4218 808 4269 des
827 4217 972 4283 Schuljuhr
992 4215 1176 4270 rste-1873.

293 4304 312 4373 ')
332 4310 363 4370 a)
381 4309 421 4358 De
441 4309 577 4361 codicibus
595 4307 732 4360 nonnullis
750 4306 880 4358 Parisinis
899 4305 1039 4357 Plutarchi
1057 4305 1200 4356 Moralium
1218 4305 1346 4356 mutatio.
1365 4304 1465 4355 ἔειπε·

181 4398 246 4450 vlu
265 4394 343 4449 1871.

291 4484 321 4548 b)
339 4486 394 4535 Der
421 4493 586 4551 sogcnmnts
613 4485 864 4552 Leunpricscsttlog
880 4483 928 4534 der
947 4482 1216 4534 Plutarchschriftsn.
1237 4482 1420 4548 Wuldcnburg
1437 4482 1466 4533 ἰι

180 4574 324 4629 Schlesicn
343 4572 422 4627 1873.

291 4667 319 4723 c)
337 4664 390 4713 Zur
407 4663 569 4715 (ieschichte
580 4663 628 4713 der
639 4662 864 4728 Ueberlicterung
878 4677 931 4712 von
943 4661 1094 4712 Plutarch's
1107 4659 1231 4710 Mor-ulie„
1249 4659 1271 4710 Ι.
1282 4658 1466 4725 Wuldsnbnrg

180 4754 214 4805 in
235 4751 375 4804 Schlesien
394 4750 473 4818 1877,
492 4754 526 4804 11.
545 4751 641 4804 Ohleu.
661 4750 741 4816 1881,
757 4753 806 4803 111.
825 4750 937 4801 Breslau
956 4747 1034 4803 1884.

292 4841 314 4907 ⁴)
332 4841 373 4893 Os.
393 4858 476 4909 supra
492 4858 519 4908 p.
538 4840 564 4906 8,
582 4841 642 4892 adn.
661 4842 686 4894 8
