3768 5866
172 582 226 654 [67]
520 610 562 650 ns
583 609 754 652 rnuusuosr
776 612 935 654 uoussross
958 613 1117 657 ooorcrsus
1410 596 1453 660 25

171 802 214 888 (p.
238 798 366 886 XLV.),
388 800 423 881 3)
445 798 602 865 lectiones
625 797 767 864 Palatini
790 799 890 865 solius
913 806 956 889 (p.
975 802 1112 885 XLVI.)
1134 805 1170 891 4)
1192 804 1348 873 lectiones
1364 828 1452 873 oom-

171 927 288 972 munes
320 905 443 972 codicis
473 904 739 971 Vindobonensis
767 916 800 972 et
822 906 944 973 codicis
967 908 1109 974 Parisini
1133 911 1162 976 Ε
1184 912 1227 1000 (ρ.
1250 912 1396 1001 XLVI.),
1417 915 1452 996 5)

171 1011 328 1079 lectiones
352 1011 475 1079 codicis
497 1012 639 1078 Parisini
663 1011 763 1078 solius
792 1013 1037 1101 <p.xnvn1.).
1074 1016 1167 1098 Quae
1189 1018 1231 1084 ad
1255 1019 1358 1086 verba
1380 1041 1452 1086 rcc—

170 1119 296 1185 tissime
331 1119 602 1185 Wilamowitaius
636 1119 805 1187 adnotavit
834 1119 965 1209 haec¹):
997 1124 1045 1210 ,si
1076 1123 1205 1191 codices
1231 1123 1281 1190 illi
1304 1149 1346 1192 ex
1368 1124 1452 1193 Vin·

171 1226 351 1292 dobonensi
382 1227 494 1314 scripti
525 1237 611 1311 sunt,
641 1249 752 1292 omnes
780 1225 980 1294 lectionesa
1006 1230 1230 1297 Bernardalrio
1252 1230 1370 1300 allatae
1393 1256 1452 1301 va-

170 1356 233 1400 nae
256 1334 463 1399 coniecturae
486 1346 571 1420 sunt,
594 1334 778 1399 sinautem
801 1346 909 1401 rectae
932 1333 1095 1423 lectiones,
1111 1337 1293 1404 Wesselius
1315 1338 1452 1407 inferior

170 1442 250 1506 est‘t
273 1439 519 1506 Bernardakius
542 1440 721 1507 defendere
752 1462 788 1505 se
820 1441 928 1508 studet
959 1441 1131 1509 declarans
1154 1443 1196 1509 ad
1226 1447 1449 1514 recensionem

171 1549 324 1635 sapitum,
358 1570 442 1635 quae
471 1548 507 1612 in
538 1546 651 1614 codiee
681 1547 928 1615 Vindobonensi
959 1547 1196 1637 desiderantur,
1220 1551 1365 1619 codicem
1389 1555 1452 1621 Ps-

77 1656 81 1661 ’
170 1655 307 1720 latinum
340 1678 371 1720 n.
404 1655 476 1720 170.
506 1656 665 1743 optimum
696 1666 883 1721 contextum
916 1656 1072 1745 praebere
1102 1656 1177 1741 (vol.
1200 1658 1259 1724 IV.
1282 1680 1311 1746 p.
1334 1660 1451 1749 Vnt),

170 1761 317 1827 codicem
340 1783 420 1827 vero
442 1763 489 1827 its
512 1763 670 1851 scriptum
694 1785 773 1849 esse,
796 1776 833 1828 ut
855 1762 1020 1829 interdum
1037 1787 1057 1830 a
1072 1763 1207 1830 librario
1222 1765 1306 1831 alius
1321 1789 1450 1856 quoque

170 1868 276 1935 codex
299 1867 466 1934 adhibitus
489 1868 592 1934 fuisse
613 1869 717 1957 possit
740 1868 816 1956 (vol.
839 1870 899 1936 IV.
920 1894 951 1959 p.
967 1871 1054 1954 IX.);
1078 1892 1161 1959 quae
1176 1870 1448 1940 Wilamowitsius

170 1974 396 2041 Beruardakio
420 1976 462 2041 de
485 1976 597 2042 codice
621 1977 769 2042 Parisino
792 1977 921 2042 crimini
946 1975 1045 2065 dedit,
1072 1979 1120 2044 eis
1143 1978 1389 2046 Bernardslsius
1413 2003 1449 2048 se

170 2106 235 2148 non
258 2082 422 2149 liberavit.
444 2083 558 2171 Neque
581 2083 687 2149 solum
709 2082 981 2149 Wilamowitzius
1005 2083 1210 2150 collationem
1225 2084 1349 2153 codicis
1365 2086 1448 2154 vin-

170 2191 366 2257 dobonensis
389 2212 409 2255 a
432 2189 657 2256 Bernardakio
679 2189 858 2256 adhibitam
882 2191 1060 2279 vituperat:
1091 2190 1190 2256 simili
1213 2191 1310 2258 modo
1333 2194 1448 2261 Vassis

169 2299 203 2362 in
226 2298 418 2364 recensione
447 2307 480 2362 et
501 2296 784 2363 emendationibus
815 2308 925 2364 textus
954 2297 1041 2385 apud
1072 2297 1330 2365 Bernardalrium
1364 2299 1449 2367 falsa

169 2428 240 2471 esse
263 2404 439 2485 adnotatff).

275 2511 483 2579 CLXXXII.
518 2510 660 2576 Vindob.
687 2510 873 2598 Philosoph.
909 2534 957 2598 gr.
993 2513 1044 2577 74.
1080 2514 1225 2579 eontinet
1256 2514 1322 2581 487
1359 2513 1446 2581 foliis

167 2622 213 2686 45
243 2617 381 2685 Mos-alia
410 2618 474 2685 hoc
496 2617 623 2683 ordine:
660 2619 787 2685 2223.
811 2619 864 2683 24.
888 2619 940 2685 25.
964 2619 1016 2684 26.
1039 2619 1092 2684 27.
1117 2620 1145 2685 1.
1168 2620 1221 2687 28.
1244 2620 1296 2687 29.
1320 2621 1448 2688 3031.

168 2727 554 2793 3233203434.
579 2726 608 2791 5.
633 2728 662 2792 6.
688 2727 716 2790 7.
749 2726 778 2793 8.
813 2728 843 2793 9.
879 2727 930 2792 10.
963 2728 1013 2791 11.
1050 2727 1101 2792 12.
1137 2726 1188 2792 13.
1224 2728 1275 2793 14.
1310 2728 1361 2794 15.
1397 2730 1447 2794 16.

169 2836 221 2899 17.
245 2835 296 2901 13.
321 2835 372 2899 19.
395 2835 449 2900 21.
472 2835 524 2898 56.
548 2834 599 2899 57.
624 2833 676 2900 58.
700 2833 752 2898 59.
775 2834 828 2899 60.
851 2834 904 2899 61.
927 2834 979 2899 36.
1003 2834 1055 2899 35.
1079 2832 1131 2899 65.
1155 2834 1206 2899 62.
1230 2835 1282 2899 66.
1306 2834 1358 2900 69.
1381 2834 1447 2917 Qui

167 2940 273 3008 codex
296 2942 331 3006 in
355 2939 478 3006 ultimis
502 2938 689 3027 quindecim
713 2940 843 3028 scriptis
867 2961 941 3006 cum
964 2940 1079 3006 ordine
1102 2939 1447 3027 mutuatantes

167 3047 223 3129 (cf.
246 3071 295 3113 nr.
318 3047 435 3134 ovll.)
459 3048 619 3134 congruit,
641 3047 698 3134 qui
721 3046 820 3112 simili
844 3046 939 3113 modo
970 3049 1077 3135 prima
1106 3046 1294 3135 quindecim
1325 3049 1447 3134 scripta

168 3154 325 3222 collocata
347 3154 453 3239 habet,
476 3176 573 3242 quam
597 3154 639 3221 ob
663 3176 730 3220 rem
755 3155 790 3220 in
813 3152 881 3219 illis
904 3153 1091 3242 quindecim
1106 3153 1286 3220 Moralibus
1302 3175 1446 3220 commu·

167 3286 242 3329 nem
267 3261 389 3328 fontem
415 3261 552 3327 duorum
577 3259 706 3326 illorum
732 3260 881 3328 codicum
913 3262 1062 3348 accipere
1086 3282 1257 3349 possumus
1280 3260 1446 3348 (Treuiust

165 3369 234 3437 Zur
255 3357 415 3435 Uberlief.
438 3369 500 3435 III.
524 3370 643 3452 6-7.).

273 3475 501 3546 CLXXXIII.
523 3475 665 3542 Vindob.
688 3474 802 3564 philos.
825 3498 874 3562 gr.
899 3475 958 3559 75,
975 3474 1119 3540 continet
1139 3474 1254 3560 primis
1279 3474 1447 3541 1631ο11ἰι

166 3589 208 3651 21
234 3584 382 3652 Moralia:
415 3586 466 3651 24
497 3584 550 3650 25.
581 3586 633 3650 26.
664 3584 717 3649 27.
743 3588 771 3649 1.
800 3583 853 3650 28.
877 3584 929 3648 29.
952 3583 982 3647 2.
1005 3582 1058 3648 30.
1081 3582 1134 3647 31.
1159 3581 1186 3647 7.
1211 3580 1240 3646 8.
1264 3582 1294 3646 9.
1320 3583 1445 3649 10.11.

168 3695 219 3759 12.
244 3694 295 3759 13.
320 3695 362 3758 14
395 3693 446 3759 15.
471 3694 521 3758 16.
547 3694 598 3757 17.
621 3692 722 3760 Cuius
744 3689 869 3755 ordinis
892 3690 1021 3755 initium
1042 3687 1280 3777 quadamtenus
1303 3709 1379 3755 cum
1394 3712 1446 3755 or·

167 3801 244 3866 dine
266 3802 413 3888 priorum
437 3797 612 3865 Moralium
635 3799 669 3863 in
694 3797 806 3864 codice
836 3796 980 3863 Vindob.
1009 3795 1088 3885 phil.
1118 3817 1168 3884 gr.
1199 3796 1260 3882 74,
1291 3792 1350 3861 sed
1379 3817 1444 3861 non

165 3907 263 3998 plene
286 3908 454 3992 consentit,
478 3928 554 3971 nam
578 3906 682 3972 codex
704 3903 847 3971 Vindob.
871 3907 923 3972 73.
944 3903 1044 3971 habet
1058 3904 1093 3968 in
1113 3903 1206 3969 initio
1221 3925 1246 3968 s.
1261 3903 1313 3968 22.
1328 3913 1362 3969 et
1384 3903 1446 3989 23,

165 4030 235 4081 tum
257 4018 344 4080 inter
365 4039 391 4080 s.
413 4015 466 4080 31.
482 4025 515 4078 et
531 4015 559 4078 7.
581 4012 664 4078 haec
686 4024 855 4101 praeterea
876 4011 990 4078 inserit
1006 4011 1140 4098 scripta:
1163 4010 1216 4076 32.
1240 4010 1292 4076 33.
1316 4010 1368 4076 20.
1391 4010 1445 4075 34,

167 4125 195 4187 3.
218 4125 248 4187 4.
272 4123 301 4188 5.
325 4123 355 4187 6.
378 4122 500 4207 (Treuc
524 4119 589 4185 1.1.
613 4119 674 4185 ΙΙΙ.
698 4122 748 4204 7.).

271 4227 494 4297 CLXXXIV.
516 4225 657 4293 Vindob.
681 4249 712 4290 n.
736 4228 820 4311 296,
842 4227 872 4291 4.
889 4229 965 4309 (vet.
982 4225 1077 4311 123),
1100 4224 1245 4291 continet
1260 4221 1444 4307 fragments

169 4337 229 4423 ,de
251 4350 356 4403 metro
377 4334 509 4401 heroico
531 4333 669 4421 aliisque
691 4330 858 4397 nonnullis
882 4331 993 4398 metris
1015 4330 1185 4397 heroicis“.

271 4440 486 4512 CLXXXIV
487 4492 494 4506 .
517 4442 559 4528 al,
582 4437 724 4506 Vindob.
747 4436 825 4526 phil.
855 4459 903 4524 gr.
935 4438 1017 4523 119,
1048 4438 1150 4523 (nuno
1183 4434 1268 4521 176),
1300 4436 1443 4501 continet

167 4553 231 4617 109
255 4549 346 4633 folia;
368 4551 403 4614 iu
425 4571 498 4636 pag.
523 4548 688 4615 81-109,
709 4544 831 4630 legitur
854 4541 1021 4609 Plutarchi
1046 4540 1129 4608 liber
1153 4539 1194 4605 de
1217 4540 1352 4606 musica.

271 4804 292 4869 ¹)
310 4802 432 4854 Hermes.
451 4801 535 4854 m.
554 4797 615 4853 203,

270 4888 290 4951 ¹)
309 4891 350 4942 01.
369 4891 584 4942 dissertationem
604 4902 686 4954 supra
703 4885 841 4937 tundnau
861 4900 886 4949 p.
905 4882 930 4935 2.
950 4882 1010 4933 sdu.
1029 4879 1055 4945 5,
1076 4882 1112 4947 1.).
