3768 5866
419 431 467 509 ὅ
951 451 1062 497 nouos
1079 452 1165 497 uns
1647 422 1705 495 [ΙΙ

529 643 623 711 Haec
644 641 777 709 omnino
799 640 841 711 de
863 640 977 711 ordine
999 640 1174 711 Moralium
1196 639 1263 709 diei
1286 651 1434 728 possm:
1457 651 1534 707 sunt
1554 661 1649 723 vero,
1670 649 1706 702 ut

422 760 458 819 et
477 751 541 838 ipsi
563 748 744 819 concedere
759 750 917 836 aegium,
932 748 1021 815 sulse
1036 750 1252 835 condemuree,
1270 769 1351 835 quas
1365 745 1592 836 probabilibus
1607 756 1708 833 atque

422 855 659 925 verisimilibus
680 855 862 927 rafionibua
884 854 1004 925 salone
1038 855 1258 921 studebamus
1303 854 1369 921 Res
1397 876 1476 921 vero
1504 851 1708 921 difficillime

421 975 472 1035 ut
493 963 537 1029 sd
558 962 765 1031 meandum
788 985 829 1029 uc
851 962 922 1029 iere
944 962 1141 1045 dubitamus,
1164 984 1207 1026 sn
1229 984 1326 1029 nemo
1347 983 1492 1049 unquam
1514 959 1600 1027 hauc
1635 981 1707 1025 ru

422 1070 520 1159 plene
541 1069 584 1136 sd
606 1068 768 1158 liquidum
791 1069 1011 1158 perducturus
1034 1070 1085 1135 sit.

530 1176 697 1244 Haesere
726 1178 862 1262 ratione,
890 1198 990 1264 quam
1020 1198 1121 1263 supra
1142 1177 1381 1264 proposuimus,
1411 1175 1524 1239 varius
1550 1175 1587 1238 in
1608 1171 1708 1239 libr'm

423 1282 564 1370 singulis
585 1282 761 1349 Moralium
784 1283 864 1349 ordo
886 1282 1102 1371 explicandus
1121 1294 1183 1349 est:
1207 1305 1250 1351 ex
1264 1282 1367 1349 variis
1382 1282 1453 1347 sive
1467 1279 1609 1367 singulis
1636 1279 1709 1345 esli-

422 1391 567 1457 tionibus
596 1391 668 1456 sive
698 1412 741 1456 ex
771 1391 950 1457 maioribus
973 1388 1176 1478 corpusculis
1199 1391 1354 1454 continuo
1375 1388 1455 1454 novi
1477 1387 1608 1453 oodioes
1632 1408 1709 1474 μο-

424 1498 630 1583 creabantur,
645 1520 742 1585 quam
763 1496 805 1563 ob
822 1519 892 1563 rem
907 1519 996 1565 nuno
1011 1496 1140 1583 saepius
1155 1497 1191 1561 in
1206 1495 1321 1562 eodem
1336 1494 1457 1580 codice,
1472 1493 1569 1582 plura
1582 1495 1710 1580 seripn

424 1605 619 1691 continente,
641 1602 801 1669 nonnulla
823 1604 945 1691 scripta
966 1602 1136 1671 moliorem
1158 1614 1294 1688 textura
1316 1602 1382 1668 alie
1399 1602 1595 1671 deteriorem
1610 1622 1710 1689 praa·

423 1711 512 1797 luent,
534 1711 715 1777 seeundum
738 1712 985 1797 rationemque
1014 1732 1057 1776 ex
1085 1711 1186 1775 variis
1210 1708 1456 1775 reosnsionibue
1485 1720 1519 1775 et
1548 1708 1645 1774 bonis
1676 1718 1710 1772 et

423 1816 521 1884 malis
542 1816 717 1884 fluxerunt
740 1818 814 1899 Quo
836 1816 886 1903 fit,
910 1826 945 1882 ut
967 1816 1199 1882 difficillimum
1223 1818 1266 1882 sit
1283 1827 1409 1882 textum
1432 1816 1614 1902 genuinum
1637 1814 1710 1879 Mo-

423 1923 544 1991 ralium
574 1924 682 1990 denuo
704 1926 882 1991 restituere.

1034 2401 1096 2467 III.

725 2525 799 2612 De
830 2525 1073 2612 codicum
1104 2525 1406 2630 generibus.

533 2667 672 2737 Codices
697 2691 776 2734 vero
799 2668 969 2734 Plutarchi
991 2669 1165 2734 Moralium
1188 2668 1230 2735 ad
1254 2680 1378 2735 certam
1412 2669 1571 2733 rationem
1594 2668 1630 2732 in
1651 2689 1710 2754 ge·

426 2798 507 2842 nera
529 2775 689 2863 quaedam
713 2776 861 2861 digerere
883 2797 979 2842 nemo
1002 2775 1072 2842 fere
1094 2775 1203 2841 adhue
1226 2787 1361 2841 conatus
1383 2786 1440 2841 est

534 2881 811 2971 Wyttenbaohius
834 2881 968 2969 quidem
990 2884 1119 2969 putavit
1142 2884 1285 2970 quinque
1300 2882 1546 2949 recensionibus
1566 2894 1599 2948 et
1621 2892 1709 2948 aeta·

427 2990 516 3055 tibus
538 2988 689 3055 codicum
712 2988 888 3054 Moralium
910 2990 1122 3075 propaginem
1152 2990 1213 3055 niti
1243 2989 1380 3077 ideoque
1410 2990 1554 3076 quinque
1587 2988 1709 3054 classes

428 3096 605 3181 constituit,
624 3117 762 3182 quarum
778 3096 884 3182 prima
907 3097 1036 3161 codices
1052 3108 1126 3162 ante
1142 3096 1309 3162 saeculnm
1325 3098 1421 3162 XIII.
1438 3108 1604 3161 exaratos:
1627 3096 1710 3160 duos

427 3204 648 3289 Mosquenses,
671 3203 835 3268 Parisinos
858 3203 890 3268 D
915 3214 947 3268 et
969 3204 1006 3289 F,
1022 3203 1124 3269 altera
1139 3205 1289 3269 exeuntis
1309 3203 1432 3269 saeculi
1448 3205 1546 3269 XIII.
1562 3204 1709 3271 codicem

428 3310 613 3375 Parisinum
629 3310 668 3394 A,
684 3309 780 3374 tertia
795 3310 944 3375 codicem
960 3312 987 3375 E
1004 3310 1126 3376 saeculi
1142 3311 1235 3377 XIV.
1255 3311 1408 3396 ineuntis,
1424 3311 1609 3377 Palatinum
1628 3311 1711 3395 170,

427 3427 543 3504 quarte
566 3415 712 3483 codicem
735 3416 772 3501 B,
794 3417 908 3503 quinta
930 3417 1059 3483 codices
1075 3417 1197 3482 saeculi
1225 3417 1300 3483 XV.
1325 3418 1513 3483 contineret.
1536 3418 1709 3483 Neminem

428 3532 537 3589 tamen
561 3523 670 3588 acrius
701 3522 918 3609 inquirentem
950 3523 1035 3609 fugit
1065 3523 1357 3613 Wyttenbachium
1389 3535 1517 3589 tantum
1550 3525 1710 3589 rationem

429 3629 691 3716 chronologicam
716 3631 908 3716 respexisse,
930 3629 1091 3717 quomodo
1116 3653 1193 3695 vero
1224 3631 1352 3696 codices
1382 3630 1468 3695 inter
1498 3652 1534 3697 se
1556 3630 1708 3696 cohaere-

427 3748 508 3821 rent,
540 3737 674 3802 minime
709 3735 901 3801 declarasse.
937 3737 1052 3801 Postea
1083 3760 1177 3801 nemo
1212 3760 1284 3803 eam
1319 3739 1524 3824 provinciam
1557 3738 1710 3825 suseepit.

427 3845 513 3911 Nam
543 3867 585 3910 ne
618 3842 863 3909 Bernardakius
894 3843 1025 3929 quidem
1056 3865 1132 3908 oum
1163 3843 1337 3909 editionem
1369 3844 1544 3909 Moralium
1572 3853 1710 3931 pararet,

428 3972 606 4037 omnesque
617 3950 658 4015 ab
675 3973 713 4014 eo
727 3948 896 4014 historiam
912 3950 1059 4014 criticam
1075 3961 1184 4015 textus
1201 3950 1395 4035 Plutarohei,
1412 3953 1586 4038 praecipue
1600 3963 1710 4016 autem

428 4059 652 4124 recensionem
668 4056 818 4121 codicum
834 4067 1069 4143 exspectarent,
1082 4058 1356 4144 exspectationem
1373 4057 1541 4145 publicam
1556 4056 1710 4144 explevit

428 4163 626 4235 Novissimis
657 4161 788 4227 demum
819 4163 914 4227 annis
945 4161 1067 4249 aliquid
1099 4164 1134 4228 in
1157 4176 1267 4230 nostra
1289 4165 1476 4251 quaestione
1500 4164 1656 4229 Patonius
1679 4172 1711 4231 et

427 4282 502 4365 post
518 4293 591 4339 eum
608 4268 808 4335 Reinaohius
831 4280 863 4335 et
887 4269 1027 4335 Weilius
1049 4271 1291 4357 praestiterunt,
1315 4293 1418 4359 neque
1441 4283 1551 4336 tamen
1575 4282 1710 4336 cunctos

429 4376 604 4445 Moralium
626 4375 728 4441 libros
751 4376 933 4441 rationibus
956 4377 1024 4440 suis
1047 4389 1124 4441 sunt
1147 4377 1318 4464 complexi.
1340 4378 1498 4443 Patonius
1520 4376 1653 4465 quidem
1676 4378 1709 4442 in

429 4483 571 4551 editione
585 4481 800 4571 Pythicorum
823 4482 1026 4569 dialogorum
1041 4484 1141 4550 trium
1157 4483 1261 4549 solum
1278 4495 1415 4549 stemma
1438 4484 1588 4550 codicum
1613 4483 1710 4567 dedit,

430 4613 528 4678 quam
551 4589 593 4655 ob
615 4612 686 4656 rem
710 4590 864 4673 ,veniam
885 4613 906 4653 a
928 4589 1067 4655 lectore“
1093 4592 1185 4678 petit3
1209 4604 1306 4678 atque
1328 4613 1365 4657 re
1389 4614 1468 4659 vera
1487 4603 1625 4657 stemma
1641 4591 1709 4656 eius

430 4696 541 4762 multis
557 4695 590 4761 in
607 4695 756 4783 partibus
778 4706 868 4762 earet
888 4696 1007 4762 idonea
1030 4698 1154 4763 ratione
1176 4700 1378 4785 pertinetque
1393 4708 1521 4765 tantum
1536 4698 1578 4764 ad
1601 4722 1626 4764 s.
1650 4701 1710 4783 67,
