3768 5866
450 490 497 555 40
987 512 1098 555 muron
1117 513 1201 553 ms
1685 484 1738 556 [8²]

456 701 672 789 amplioribus
689 701 861 768 codicibus
876 700 1053 768 Moralium
1068 700 1202 786 legitur:
1218 699 1261 766 cf.
1276 723 1307 765 ιι.
1334 701 1370 785 1.,
1391 700 1441 785 V,
1455 700 1538 785 LX,
1554 699 1740 784 LXXVII,

455 810 611 896 anxir,
634 809 826 894 nxxxn,
849 808 1036 893 cxxvn,
1058 807 1229 892 6ιιιιιιι,
1251 807 1404 893 cxxx,
1425 806 1634 891 cmlv,
1665 805 1739 873 oon
1841 831 1842 888 ÷

560 919 593 1003 8)
615 918 668 983 De
691 940 718 984 6.
739 918 795 983 42.
816 916 858 982 61.
886 938 985 1004 supra
1007 937 1037 1001 p.
1062 915 1116 981 39.

560 1027 595 1112 9)
618 1024 650 1091 S.
674 1026 727 1091 51.
750 1023 806 1097 (de
830 1022 961 1111 placitis
983 1020 1250 1110 philosophorum
1266 1021 1343 1086 libri
1358 1022 1412 1107 V.)
1428 1033 1578 1087 servatur
1595 1042 1740 1085 scorsum

455 1134 491 1197 in
515 1131 686 1197 codicibus
710 1130 881 1198 CCXXII
905 1130 942 1215 (s.
966 1130 1068 1216 XM),
1099 1129 1161 1194 XI
1184 1130 1221 1215 (s.
1245 1129 1364 1214 XHI),
1386 1128 1531 1194 LXXII.
1562 1129 1601 1213 (a
1628 1126 1740 1213 XIV),

455 1239 524 1307 CV.
548 1240 586 1325 (a.
611 1238 729 1325 XIV),
759 1237 971 1306 CXXXVII.
995 1238 1033 1323 (6.
1057 1236 1174 1321 XIV.)
1204 1236 1302 1301 XXI.
1325 1240 1362 1318 (6.
1385 1235 1483 1320 XV),
1514 1234 1685 1300 XXXVI
1707 1237 1741 1315 (a

456 1345 557 1431 XV),
580 1345 727 1411 XXXV.
751 1346 788 1431 (6.
812 1345 928 1427 XVI).
952 1345 1107 1412 CLXIH.

567 1454 621 1540 10)
645 1451 677 1519 S.
702 1454 755 1518 54.
779 1452 900 1539 legitur
924 1473 1070 1516 seorsum
1100 1453 1134 1515 in
1166 1473 1198 1515 ιι.
1221 1450 1306 1517 CVI.
1329 1455 1367 1532 (a.
1389 1449 1505 1533 XIV.)
1529 1447 1686 1515 CXLVI
1706 1448 1744 1530 (a

457 1560 574 1646 XIV),
598 1558 720 1643 XXV,
744 1559 825 1645 LV,
848 1558 1017 1639 LXXIV,
1041 1556 1171 1643 CXIV,
1193 1556 1300 1641 CLV,
1322 1556 1420 1624 CXC.

569 1668 621 1747 11)
646 1665 678 1731 S.
702 1667 755 1732 56.
779 1666 900 1752 legitur
923 1687 1068 1730 seorsum
1091 1665 1126 1729 in
1149 1686 1180 1729 n.
1204 1663 1407 1731 CCXXXV.

567 1775 622 1860 12)
646 1773 678 1841 S.
694 1774 746 1838 57.
771 1772 913 1838 traditur
932 1794 1078 1837 seorsum
1094 1772 1128 1836 in
1141 1794 1173 1836 n.
1185 1769 1392 1855 LXXXIX,
1407 1769 1577 1853 CXXIII,
1593 1767 1746 1851 CXXV,

458 1880 653 1948 CXXXVI.

567 1987 621 2074 13)
646 1988 676 2055 S.
702 1988 812 2053 5616
836 2010 866 2051 n.
890 1985 1020 2053 CCXV.

566 2095 621 2181 14)
648 2095 702 2177 15)
726 2095 779 2160 De
803 2117 828 2159 s.
851 2095 904 2159 59.
927 2095 979 2159 60.
1003 2093 1046 2157 61.
1071 2115 1171 2179 supra
1195 2116 1224 2180 p.
1248 2093 1301 2158 38.

566 2203 622 2284 16)
645 2202 677 2269 S.
702 2202 754 2266 61.
779 2200 901 2286 legitur
924 2222 1070 2264 seorsum
1093 2200 1128 2263 in
1152 2199 1265 2265 codiee
1289 2198 1457 2264 XXXIII.

568 2310 623 2390 17)
650 2309 703 2390 18)
726 2308 780 2373 De
803 2331 828 2372 6.
852 2308 905 2373 68.
928 2308 980 2373 69.
1004 2307 1046 2372 61.
1072 2329 1172 2392 supra
1193 2330 1225 2395 p.
1248 2306 1302 2372 38.
1326 2328 1371 2393 sq.

566 2415 742 2479 Exstitissc
766 2414 865 2479 etiam
889 2436 1007 2500 corpus
1031 2412 1193 2478 secundae
1215 2414 1318 2500 partis
1334 2414 1404 2478 sine
1429 2435 1452 2476 s.
1475 2412 1528 2479 54.
1551 2411 1657 2497 („vita
1680 2410 1745 2474 He·

459 2520 587 2605 meri“),
619 2519 789 2586 codicibus
820 2520 1001 2586 LXXXII.
1028 2521 1071 2585 Π.
1099 2519 1283 2605 edocemur,
1317 2520 1385 2607 (qui
1416 2519 1478 2584 hoc
1501 2518 1743 2604 coniunguntur

460 2625 603 2709 vinculo,
627 2637 663 2691 ut
686 2649 706 2691 a
729 2650 753 2691 6.
779 2628 829 2692 31.
854 2627 1036 2714 incipiant),
1059 2638 1130 2692 tum
1146 2650 1177 2690 n.
1193 2627 1344 2712 CXXX,
1367 2624 1525 2711 CXCIV,
1540 2625 1684 2711 deniqne
1705 2622 1745 2685 iia

461 2733 639 2817 codicibus,
671 2735 704 2799 iu
736 2734 865 2821 quibus,
896 2758 919 2797 s.
951 2736 1004 2800 55.
1035 2757 1103 2821 sqq.
1128 2735 1198 2798 sine
1230 2757 1254 2798 6.
1285 2736 1337 2799 54.
1368 2732 1509 2818 legimus
1533 2730 1588 2818 (cf.
1611 2754 1643 2795 n.
1666 2730 1745 2811 XC,

460 2840 574 2925 XCV,
597 2840 829 2925 CLXXXVI,
852 2841 1007 2922 CCXX.)
1030 2841 1201 2906 Praeterea
1226 2842 1259 2905 in
1284 2840 1407 2927 aliquot
1429 2838 1553 2903 mutilis
1577 2835 1745 2904 codicibus

461 2972 486 3015 s.
520 2948 573 3013 54.
597 2970 661 3012 non
686 2959 849 3014 servatur:
873 2947 916 3014 cf.
946 2970 978 3013 ιι.
1009 2948 1076 3031 Ν,
1100 2947 1169 3031 VI,
1192 2947 1278 3031 VH,
1307 2947 1425 3030 LXH,
1456 2946 1592 3025 LXIII,
1615 2941 1747 3041 LXIV,

460 3055 542 3139 CH,
564 3053 760 3139 CLXVHI,
784 3055 983 3140 CLXXIX,
1010 3053 1227 3139 CLXXXII,
1260 3053 1401 3122 CXCIV
1402 3104 1409 3117 .
1447 3054 1541 3134 Quae
1575 3052 1659 3116 ratio
1694 3046 1744 3113 vel

460 3160 539 3225 inde
569 3159 779 3247 intellegitur,
813 3161 898 3248 quod
926 3184 949 3225 s.
973 3162 1026 3228 54.
1058 3183 1203 3226 seorsum
1235 3161 1425 3249 saepissime
1456 3158 1581 3223 editum
1612 3171 1675 3223 eat:
1705 3152 1745 3220 ci

462 3289 561 3354 supra
584 3289 656 3354 pag.
680 3269 732 3332 40.
745 3268 778 3352 ¹).

568 3371 677 3441 Simili
713 3373 810 3438 modo
844 3377 1091 3460 coniunguntur
1120 3368 1289 3439 affinitatis
1312 3374 1446 3439 vinculo
1468 3373 1498 3438 ei
1522 3371 1662 3457 codices,
1692 3368 1745 3457 qni

461 3478 646 3566 fragmenta
669 3492 854 3547 asservant:
878 3481 919 3547 cf.
944 3505 974 3546 n.
998 3481 1098 3566 CIX,
1120 3481 1308 3567 CXXXII,
1330 3481 1482 3549 CCXIII.

569 3586 740 3672 Attingere
765 3587 871 3675 placet
894 3589 1028 3674 insuper
1043 3590 1266 3675 quaestionem
1282 3587 1441 3675 quomodo
1456 3589 1544 3653 ritae
1566 3586 1696 3655 Galbae
1717 3594 1747 3648 et

464 3692 602 3760 Othonis
626 3697 663 3775 (a.
686 3694 739 3759 25.
763 3695 828 3779 26.)
845 3694 953 3759 ordini
969 3694 1144 3760 Moralium
1161 3694 1339 3782 implicitae
1355 3696 1428 3759 sint
1444 3696 1495 3760 Ac
1509 3695 1654 3782 primum
1678 3692 1744 3781 qui-

463 3799 537 3865 dem
555 3800 660 3865 conici
677 3810 782 3886 potest
797 3800 879 3866 duas
895 3800 970 3865 illas
989 3802 1075 3866 vitas
1091 3802 1155 3866 iam
1172 3813 1244 3889 post
1260 3801 1434 3867 editionem
1451 3801 1604 3866 Vitarum
1622 3797 1744 3889 corpori

463 3906 639 3971 Moralium
664 3906 772 3972 illatas
795 3929 875 3972 esse.
900 3908 993 3974 Haec
1009 3909 1131 3995 scripta
1148 3907 1353 3992 Michaelis2)
1376 3907 1527 3973 similiter
1550 3918 1648 3995 atque
1663 3909 1748 3973 61166

463 4013 567 4098 Arati,
589 4014 785 4078 Artaxerxis
808 4026 840 4079 et
856 4013 1057 4102 deperditam
1077 4015 1231 4080 Herculis
1247 4037 1267 4080 a
1281 4014 1457 4080 Plutarcho
1472 4016 1649 4102 seperatim
1664 4013 1745 4080 edita

464 4141 536 4185 6666
559 4118 757 4207 suspicatur,
780 4120 1052 4208 Mommsenius⁸)
1076 4144 1155 4188 vero
1177 4132 1288 4187 censet
1311 4144 1366 4187 eas
1390 4122 1527 4209 corpori,
1554 4121 1641 4208 quod
1666 4123 1747 4188 vias

465 4223 643 4292 Caesarum
667 4226 892 4292 Romanorum
916 4227 1201 4315 complectebatur,
1223 4228 1486 4294 adnumerandus
1509 4251 1590 4315 esse,
1606 4228 1746 4294 affirmat

480 4512 482 4516 ’
573 4513 594 4579 ¹)
612 4514 638 4565 S.
657 4512 700 4566 54.
722 4520 829 4564 tantum
847 4515 875 4564 in
895 4514 937 4565 his
956 4515 1131 4580 amplioribus
1144 4514 1281 4567 codicibus
1295 4514 1422 4565 truditur:
1442 4515 1660 4582 1.‚v.,1.xxx.‚
1674 4515 1752 4576 cxi,

466 4600 613 4665 CXXVII,
633 4602 764 4667 CLVIII,
783 4601 861 4653 ccn.
881 4601 920 4666 (in
939 4610 1041 4668 septam
1060 4600 1215 4671 codicibus),

574 4685 654 4756 ¹)Da
674 4690 767 4740 ordina
785 4690 912 4741 Vitsrnm
930 4690 1121 4755 parallalsram
1141 4689 1288 4742 Plutarchi.
1308 4691 1434 4743 Baralini.
1455 4689 1532 4746 1875.
1552 4707 1578 4757 p.
1598 4690 1624 4744 6.

574 4773 754 4843 ³)Coruslias
774 4779 886 4830 Tacitus
904 4778 960 4830 und
978 4779 1089 4830 Cluvius
1108 4781 1202 4831 Rufus.
1222 4780 1336 4831 Harmas
1353 4782 1399 4832 1v.
1419 4778 1480 4835 298.
